%YAML 1.1
%TAG !u! tag:unity3d.com,2011:
--- !u!64 &8442219305486632293
MeshCollider:
  m_ObjectHideFlags: 0
  m_CorrespondingSourceObject: {fileID: 0}
  m_PrefabInstance: {fileID: 0}
  m_PrefabAsset: {fileID: 0}
  m_GameObject: {fileID: 50414889634054462}
  m_Material: {fileID: 13400000, guid: 3aeb7dadc0c69d54d9e5777e9d5631f1, type: 2}
  m_IsTrigger: 0
  m_Enabled: 1
  serializedVersion: 3
  m_Convex: 0
  m_CookingOptions: 14
  m_Mesh: {fileID: 4300000, guid: 32735b9ee3b90df4fbc4a5f3a47f17e1, type: 3}
--- !u!64 &8055613759219235679
MeshCollider:
  m_ObjectHideFlags: 0
  m_CorrespondingSourceObject: {fileID: 0}
  m_PrefabInstance: {fileID: 0}
  m_PrefabAsset: {fileID: 0}
  m_GameObject: {fileID: 632483460838226197}
  m_Material: {fileID: 13400000, guid: 3aeb7dadc0c69d54d9e5777e9d5631f1, type: 2}
  m_IsTrigger: 0
  m_Enabled: 1
  serializedVersion: 3
  m_Convex: 0
  m_CookingOptions: 14
  m_Mesh: {fileID: 4300000, guid: 32735b9ee3b90df4fbc4a5f3a47f17e1, type: 3}
--- !u!64 &3753135166560293003
MeshCollider:
  m_ObjectHideFlags: 0
  m_CorrespondingSourceObject: {fileID: 0}
  m_PrefabInstance: {fileID: 0}
  m_PrefabAsset: {fileID: 0}
  m_GameObject: {fileID: 1943521746269193266}
  m_Material: {fileID: 13400000, guid: 3aeb7dadc0c69d54d9e5777e9d5631f1, type: 2}
  m_IsTrigger: 0
  m_Enabled: 1
  serializedVersion: 3
  m_Convex: 0
  m_CookingOptions: 14
  m_Mesh: {fileID: 4300000, guid: 32735b9ee3b90df4fbc4a5f3a47f17e1, type: 3}
--- !u!64 &1072372315117511669
MeshCollider:
  m_ObjectHideFlags: 0
  m_CorrespondingSourceObject: {fileID: 0}
  m_PrefabInstance: {fileID: 0}
  m_PrefabAsset: {fileID: 0}
  m_GameObject: {fileID: 2666983406515685614}
  m_Material: {fileID: 0}
  m_IsTrigger: 0
  m_Enabled: 1
  serializedVersion: 3
  m_Convex: 0
  m_CookingOptions: 14
  m_Mesh: {fileID: 4300004, guid: 792345487fc70ac46a72b1a691b87c4f, type: 3}
--- !u!64 &4397585425822680507
MeshCollider:
  m_ObjectHideFlags: 0
  m_CorrespondingSourceObject: {fileID: 0}
  m_PrefabInstance: {fileID: 0}
  m_PrefabAsset: {fileID: 0}
  m_GameObject: {fileID: 3559435488396972043}
  m_Material: {fileID: 0}
  m_IsTrigger: 0
  m_Enabled: 1
  serializedVersion: 3
  m_Convex: 0
  m_CookingOptions: 14
  m_Mesh: {fileID: 4300004, guid: 792345487fc70ac46a72b1a691b87c4f, type: 3}
--- !u!64 &4358420288767429421
MeshCollider:
  m_ObjectHideFlags: 0
  m_CorrespondingSourceObject: {fileID: 0}
  m_PrefabInstance: {fileID: 0}
  m_PrefabAsset: {fileID: 0}
  m_GameObject: {fileID: 4668928572239782760}
  m_Material: {fileID: 13400000, guid: 3aeb7dadc0c69d54d9e5777e9d5631f1, type: 2}
  m_IsTrigger: 0
  m_Enabled: 1
  serializedVersion: 3
  m_Convex: 0
  m_CookingOptions: 14
  m_Mesh: {fileID: 4300000, guid: 32735b9ee3b90df4fbc4a5f3a47f17e1, type: 3}
--- !u!64 &5467973331929813364
MeshCollider:
  m_ObjectHideFlags: 0
  m_CorrespondingSourceObject: {fileID: 0}
  m_PrefabInstance: {fileID: 0}
  m_PrefabAsset: {fileID: 0}
  m_GameObject: {fileID: 6029456195073322638}
  m_Material: {fileID: 13400000, guid: 3aeb7dadc0c69d54d9e5777e9d5631f1, type: 2}
  m_IsTrigger: 0
  m_Enabled: 1
  serializedVersion: 3
  m_Convex: 0
  m_CookingOptions: 14
  m_Mesh: {fileID: 4300000, guid: 32735b9ee3b90df4fbc4a5f3a47f17e1, type: 3}
--- !u!64 &7881610040193671033
MeshCollider:
  m_ObjectHideFlags: 0
  m_CorrespondingSourceObject: {fileID: 0}
  m_PrefabInstance: {fileID: 0}
  m_PrefabAsset: {fileID: 0}
  m_GameObject: {fileID: 7500484299805250009}
  m_Material: {fileID: 0}
  m_IsTrigger: 0
  m_Enabled: 1
  serializedVersion: 3
  m_Convex: 0
  m_CookingOptions: 14
  m_Mesh: {fileID: 4300004, guid: 792345487fc70ac46a72b1a691b87c4f, type: 3}
--- !u!1 &8291674659530946482
GameObject:
  m_ObjectHideFlags: 0
  m_CorrespondingSourceObject: {fileID: 0}
  m_PrefabInstance: {fileID: 0}
  m_PrefabAsset: {fileID: 0}
  serializedVersion: 6
  m_Component:
  - component: {fileID: 7941937778101836791}
  m_Layer: 0
  m_Name: PileCoffres
  m_TagString: Untagged
  m_Icon: {fileID: 0}
  m_NavMeshLayer: 0
  m_StaticEditorFlags: 0
  m_IsActive: 1
--- !u!4 &7941937778101836791
Transform:
  m_ObjectHideFlags: 0
  m_CorrespondingSourceObject: {fileID: 0}
  m_PrefabInstance: {fileID: 0}
  m_PrefabAsset: {fileID: 0}
  m_GameObject: {fileID: 8291674659530946482}
  m_LocalRotation: {x: 0, y: 0, z: 0, w: 1}
  m_LocalPosition: {x: -10.81, y: 11.05, z: -16.99}
  m_LocalScale: {x: 1.5, y: 1.5, z: 1.5}
  m_Children:
  - {fileID: 4668928572239494984}
  - {fileID: 632483460838450485}
  - {fileID: 6029456195072832174}
  - {fileID: 8695154170469374161}
  - {fileID: 1943521746268772370}
  - {fileID: 50414889633635614}
  - {fileID: 7500484299805609465}
  - {fileID: 2666983406515852494}
  - {fileID: 8640510855775500995}
  - {fileID: 3559435488397200427}
  m_Father: {fileID: 0}
  m_RootOrder: 0
  m_LocalEulerAnglesHint: {x: 0, y: 0, z: 0}
--- !u!64 &4060794807348451769
MeshCollider:
  m_ObjectHideFlags: 0
  m_CorrespondingSourceObject: {fileID: 0}
  m_PrefabInstance: {fileID: 0}
  m_PrefabAsset: {fileID: 0}
  m_GameObject: {fileID: 8640510855775004387}
  m_Material: {fileID: 0}
  m_IsTrigger: 0
  m_Enabled: 1
  serializedVersion: 3
  m_Convex: 0
  m_CookingOptions: 14
  m_Mesh: {fileID: 4300004, guid: 792345487fc70ac46a72b1a691b87c4f, type: 3}
--- !u!64 &8021697267248078239
MeshCollider:
  m_ObjectHideFlags: 0
  m_CorrespondingSourceObject: {fileID: 0}
  m_PrefabInstance: {fileID: 0}
  m_PrefabAsset: {fileID: 0}
  m_GameObject: {fileID: 8695154170469205233}
  m_Material: {fileID: 13400000, guid: 3aeb7dadc0c69d54d9e5777e9d5631f1, type: 2}
  m_IsTrigger: 0
  m_Enabled: 1
  serializedVersion: 3
  m_Convex: 0
  m_CookingOptions: 14
  m_Mesh: {fileID: 4300000, guid: 32735b9ee3b90df4fbc4a5f3a47f17e1, type: 3}
--- !u!1001 &50414889634023326
PrefabInstance:
  m_ObjectHideFlags: 0
  serializedVersion: 2
  m_Modification:
    m_TransformParent: {fileID: 7941937778101836791}
    m_Modifications:
    - target: {fileID: 100000, guid: 32735b9ee3b90df4fbc4a5f3a47f17e1, type: 3}
      propertyPath: m_Name
      value: Box (7)
      objectReference: {fileID: 0}
    - target: {fileID: 400000, guid: 32735b9ee3b90df4fbc4a5f3a47f17e1, type: 3}
      propertyPath: m_LocalPosition.x
      value: -1.5029993
      objectReference: {fileID: 0}
    - target: {fileID: 400000, guid: 32735b9ee3b90df4fbc4a5f3a47f17e1, type: 3}
      propertyPath: m_LocalPosition.y
      value: -0.75
      objectReference: {fileID: 0}
    - target: {fileID: 400000, guid: 32735b9ee3b90df4fbc4a5f3a47f17e1, type: 3}
      propertyPath: m_LocalPosition.z
      value: 0
      objectReference: {fileID: 0}
    - target: {fileID: 400000, guid: 32735b9ee3b90df4fbc4a5f3a47f17e1, type: 3}
      propertyPath: m_LocalRotation.x
      value: -0
      objectReference: {fileID: 0}
    - target: {fileID: 400000, guid: 32735b9ee3b90df4fbc4a5f3a47f17e1, type: 3}
      propertyPath: m_LocalRotation.y
      value: -0
      objectReference: {fileID: 0}
    - target: {fileID: 400000, guid: 32735b9ee3b90df4fbc4a5f3a47f17e1, type: 3}
      propertyPath: m_LocalRotation.z
      value: -0
      objectReference: {fileID: 0}
    - target: {fileID: 400000, guid: 32735b9ee3b90df4fbc4a5f3a47f17e1, type: 3}
      propertyPath: m_LocalRotation.w
      value: 1
      objectReference: {fileID: 0}
    - target: {fileID: 400000, guid: 32735b9ee3b90df4fbc4a5f3a47f17e1, type: 3}
      propertyPath: m_RootOrder
      value: 5
      objectReference: {fileID: 0}
    - target: {fileID: 400000, guid: 32735b9ee3b90df4fbc4a5f3a47f17e1, type: 3}
      propertyPath: m_LocalEulerAnglesHint.x
      value: 0
      objectReference: {fileID: 0}
    - target: {fileID: 400000, guid: 32735b9ee3b90df4fbc4a5f3a47f17e1, type: 3}
      propertyPath: m_LocalEulerAnglesHint.y
      value: 0
      objectReference: {fileID: 0}
    - target: {fileID: 400000, guid: 32735b9ee3b90df4fbc4a5f3a47f17e1, type: 3}
      propertyPath: m_LocalEulerAnglesHint.z
      value: 0
      objectReference: {fileID: 0}
    m_RemovedComponents: []
  m_SourcePrefab: {fileID: 100100000, guid: 32735b9ee3b90df4fbc4a5f3a47f17e1, type: 3}
--- !u!4 &50414889633635614 stripped
Transform:
  m_CorrespondingSourceObject: {fileID: 400000, guid: 32735b9ee3b90df4fbc4a5f3a47f17e1,
    type: 3}
  m_PrefabInstance: {fileID: 50414889634023326}
  m_PrefabAsset: {fileID: 0}
--- !u!1 &50414889634054462 stripped
GameObject:
  m_CorrespondingSourceObject: {fileID: 100000, guid: 32735b9ee3b90df4fbc4a5f3a47f17e1,
    type: 3}
  m_PrefabInstance: {fileID: 50414889634023326}
  m_PrefabAsset: {fileID: 0}
--- !u!1001 &632483460838326197
PrefabInstance:
  m_ObjectHideFlags: 0
  serializedVersion: 2
  m_Modification:
    m_TransformParent: {fileID: 7941937778101836791}
    m_Modifications:
    - target: {fileID: 100000, guid: 32735b9ee3b90df4fbc4a5f3a47f17e1, type: 3}
      propertyPath: m_Name
      value: Box (1)
      objectReference: {fileID: 0}
    - target: {fileID: 400000, guid: 32735b9ee3b90df4fbc4a5f3a47f17e1, type: 3}
      propertyPath: m_LocalPosition.x
      value: 0
      objectReference: {fileID: 0}
    - target: {fileID: 400000, guid: 32735b9ee3b90df4fbc4a5f3a47f17e1, type: 3}
      propertyPath: m_LocalPosition.y
      value: 0.75300026
      objectReference: {fileID: 0}
    - target: {fileID: 400000, guid: 32735b9ee3b90df4fbc4a5f3a47f17e1, type: 3}
      propertyPath: m_LocalPosition.z
      value: 0
      objectReference: {fileID: 0}
    - target: {fileID: 400000, guid: 32735b9ee3b90df4fbc4a5f3a47f17e1, type: 3}
      propertyPath: m_LocalRotation.x
      value: -0
      objectReference: {fileID: 0}
    - target: {fileID: 400000, guid: 32735b9ee3b90df4fbc4a5f3a47f17e1, type: 3}
      propertyPath: m_LocalRotation.y
      value: -0
      objectReference: {fileID: 0}
    - target: {fileID: 400000, guid: 32735b9ee3b90df4fbc4a5f3a47f17e1, type: 3}
      propertyPath: m_LocalRotation.z
      value: -0
      objectReference: {fileID: 0}
    - target: {fileID: 400000, guid: 32735b9ee3b90df4fbc4a5f3a47f17e1, type: 3}
      propertyPath: m_LocalRotation.w
      value: 1
      objectReference: {fileID: 0}
    - target: {fileID: 400000, guid: 32735b9ee3b90df4fbc4a5f3a47f17e1, type: 3}
      propertyPath: m_RootOrder
      value: 1
      objectReference: {fileID: 0}
    - target: {fileID: 400000, guid: 32735b9ee3b90df4fbc4a5f3a47f17e1, type: 3}
      propertyPath: m_LocalEulerAnglesHint.x
      value: 0
      objectReference: {fileID: 0}
    - target: {fileID: 400000, guid: 32735b9ee3b90df4fbc4a5f3a47f17e1, type: 3}
      propertyPath: m_LocalEulerAnglesHint.y
      value: 0
      objectReference: {fileID: 0}
    - target: {fileID: 400000, guid: 32735b9ee3b90df4fbc4a5f3a47f17e1, type: 3}
      propertyPath: m_LocalEulerAnglesHint.z
      value: 0
      objectReference: {fileID: 0}
    m_RemovedComponents: []
  m_SourcePrefab: {fileID: 100100000, guid: 32735b9ee3b90df4fbc4a5f3a47f17e1, type: 3}
--- !u!4 &632483460838450485 stripped
Transform:
  m_CorrespondingSourceObject: {fileID: 400000, guid: 32735b9ee3b90df4fbc4a5f3a47f17e1,
    type: 3}
  m_PrefabInstance: {fileID: 632483460838326197}
  m_PrefabAsset: {fileID: 0}
--- !u!1 &632483460838226197 stripped
GameObject:
  m_CorrespondingSourceObject: {fileID: 100000, guid: 32735b9ee3b90df4fbc4a5f3a47f17e1,
    type: 3}
  m_PrefabInstance: {fileID: 632483460838326197}
  m_PrefabAsset: {fileID: 0}
--- !u!1001 &1943521746269160082
PrefabInstance:
  m_ObjectHideFlags: 0
  serializedVersion: 2
  m_Modification:
    m_TransformParent: {fileID: 7941937778101836791}
    m_Modifications:
    - target: {fileID: 100000, guid: 32735b9ee3b90df4fbc4a5f3a47f17e1, type: 3}
      propertyPath: m_Name
      value: Box (6)
      objectReference: {fileID: 0}
    - target: {fileID: 400000, guid: 32735b9ee3b90df4fbc4a5f3a47f17e1, type: 3}
      propertyPath: m_LocalPosition.x
      value: 1.4880009
      objectReference: {fileID: 0}
    - target: {fileID: 400000, guid: 32735b9ee3b90df4fbc4a5f3a47f17e1, type: 3}
      propertyPath: m_LocalPosition.y
      value: -0.75
      objectReference: {fileID: 0}
    - target: {fileID: 400000, guid: 32735b9ee3b90df4fbc4a5f3a47f17e1, type: 3}
      propertyPath: m_LocalPosition.z
      value: 0
      objectReference: {fileID: 0}
    - target: {fileID: 400000, guid: 32735b9ee3b90df4fbc4a5f3a47f17e1, type: 3}
      propertyPath: m_LocalRotation.x
      value: -0
      objectReference: {fileID: 0}
    - target: {fileID: 400000, guid: 32735b9ee3b90df4fbc4a5f3a47f17e1, type: 3}
      propertyPath: m_LocalRotation.y
      value: -0
      objectReference: {fileID: 0}
    - target: {fileID: 400000, guid: 32735b9ee3b90df4fbc4a5f3a47f17e1, type: 3}
      propertyPath: m_LocalRotation.z
      value: -0
      objectReference: {fileID: 0}
    - target: {fileID: 400000, guid: 32735b9ee3b90df4fbc4a5f3a47f17e1, type: 3}
      propertyPath: m_LocalRotation.w
      value: 1
      objectReference: {fileID: 0}
    - target: {fileID: 400000, guid: 32735b9ee3b90df4fbc4a5f3a47f17e1, type: 3}
      propertyPath: m_RootOrder
      value: 4
      objectReference: {fileID: 0}
    - target: {fileID: 400000, guid: 32735b9ee3b90df4fbc4a5f3a47f17e1, type: 3}
      propertyPath: m_LocalEulerAnglesHint.x
      value: 0
      objectReference: {fileID: 0}
    - target: {fileID: 400000, guid: 32735b9ee3b90df4fbc4a5f3a47f17e1, type: 3}
      propertyPath: m_LocalEulerAnglesHint.y
      value: 0
      objectReference: {fileID: 0}
    - target: {fileID: 400000, guid: 32735b9ee3b90df4fbc4a5f3a47f17e1, type: 3}
      propertyPath: m_LocalEulerAnglesHint.z
      value: 0
      objectReference: {fileID: 0}
    m_RemovedComponents: []
  m_SourcePrefab: {fileID: 100100000, guid: 32735b9ee3b90df4fbc4a5f3a47f17e1, type: 3}
--- !u!4 &1943521746268772370 stripped
Transform:
  m_CorrespondingSourceObject: {fileID: 400000, guid: 32735b9ee3b90df4fbc4a5f3a47f17e1,
    type: 3}
  m_PrefabInstance: {fileID: 1943521746269160082}
  m_PrefabAsset: {fileID: 0}
--- !u!1 &1943521746269193266 stripped
GameObject:
  m_CorrespondingSourceObject: {fileID: 100000, guid: 32735b9ee3b90df4fbc4a5f3a47f17e1,
    type: 3}
  m_PrefabInstance: {fileID: 1943521746269160082}
  m_PrefabAsset: {fileID: 0}
--- !u!1001 &2666983406515719758
PrefabInstance:
  m_ObjectHideFlags: 0
  serializedVersion: 2
  m_Modification:
    m_TransformParent: {fileID: 7941937778101836791}
    m_Modifications:
    - target: {fileID: 100000, guid: 792345487fc70ac46a72b1a691b87c4f, type: 3}
      propertyPath: m_Name
      value: HealthBox (1)
      objectReference: {fileID: 0}
    - target: {fileID: 400000, guid: 792345487fc70ac46a72b1a691b87c4f, type: 3}
      propertyPath: m_LocalPosition.x
      value: -1.6099997
      objectReference: {fileID: 0}
    - target: {fileID: 400000, guid: 792345487fc70ac46a72b1a691b87c4f, type: 3}
      propertyPath: m_LocalPosition.y
      value: -0.7388878
      objectReference: {fileID: 0}
    - target: {fileID: 400000, guid: 792345487fc70ac46a72b1a691b87c4f, type: 3}
      propertyPath: m_LocalPosition.z
      value: 1.5999994
      objectReference: {fileID: 0}
    - target: {fileID: 400000, guid: 792345487fc70ac46a72b1a691b87c4f, type: 3}
      propertyPath: m_LocalRotation.x
      value: -0
      objectReference: {fileID: 0}
    - target: {fileID: 400000, guid: 792345487fc70ac46a72b1a691b87c4f, type: 3}
      propertyPath: m_LocalRotation.y
      value: 0.38268343
      objectReference: {fileID: 0}
    - target: {fileID: 400000, guid: 792345487fc70ac46a72b1a691b87c4f, type: 3}
      propertyPath: m_LocalRotation.z
      value: -0
      objectReference: {fileID: 0}
    - target: {fileID: 400000, guid: 792345487fc70ac46a72b1a691b87c4f, type: 3}
      propertyPath: m_LocalRotation.w
      value: 0.92387956
      objectReference: {fileID: 0}
    - target: {fileID: 400000, guid: 792345487fc70ac46a72b1a691b87c4f, type: 3}
      propertyPath: m_RootOrder
      value: 7
      objectReference: {fileID: 0}
    - target: {fileID: 400000, guid: 792345487fc70ac46a72b1a691b87c4f, type: 3}
      propertyPath: m_LocalEulerAnglesHint.x
      value: 0
      objectReference: {fileID: 0}
    - target: {fileID: 400000, guid: 792345487fc70ac46a72b1a691b87c4f, type: 3}
      propertyPath: m_LocalEulerAnglesHint.y
      value: 45
      objectReference: {fileID: 0}
    - target: {fileID: 400000, guid: 792345487fc70ac46a72b1a691b87c4f, type: 3}
      propertyPath: m_LocalEulerAnglesHint.z
      value: 0
      objectReference: {fileID: 0}
    m_RemovedComponents: []
  m_SourcePrefab: {fileID: 100100000, guid: 792345487fc70ac46a72b1a691b87c4f, type: 3}
--- !u!1 &2666983406515685614 stripped
GameObject:
  m_CorrespondingSourceObject: {fileID: 100000, guid: 792345487fc70ac46a72b1a691b87c4f,
    type: 3}
  m_PrefabInstance: {fileID: 2666983406515719758}
  m_PrefabAsset: {fileID: 0}
--- !u!4 &2666983406515852494 stripped
Transform:
  m_CorrespondingSourceObject: {fileID: 400000, guid: 792345487fc70ac46a72b1a691b87c4f,
    type: 3}
  m_PrefabInstance: {fileID: 2666983406515719758}
  m_PrefabAsset: {fileID: 0}
--- !u!1001 &3559435488397072043
PrefabInstance:
  m_ObjectHideFlags: 0
  serializedVersion: 2
  m_Modification:
    m_TransformParent: {fileID: 7941937778101836791}
    m_Modifications:
    - target: {fileID: 100000, guid: 792345487fc70ac46a72b1a691b87c4f, type: 3}
      propertyPath: m_Name
      value: HealthBox (3)
      objectReference: {fileID: 0}
    - target: {fileID: 400000, guid: 792345487fc70ac46a72b1a691b87c4f, type: 3}
      propertyPath: m_LocalPosition.x
      value: 1.5800009
      objectReference: {fileID: 0}
    - target: {fileID: 400000, guid: 792345487fc70ac46a72b1a691b87c4f, type: 3}
      propertyPath: m_LocalPosition.y
      value: -0.7388878
      objectReference: {fileID: 0}
    - target: {fileID: 400000, guid: 792345487fc70ac46a72b1a691b87c4f, type: 3}
      propertyPath: m_LocalPosition.z
      value: -1.6100006
      objectReference: {fileID: 0}
    - target: {fileID: 400000, guid: 792345487fc70ac46a72b1a691b87c4f, type: 3}
      propertyPath: m_LocalRotation.x
      value: -0
      objectReference: {fileID: 0}
    - target: {fileID: 400000, guid: 792345487fc70ac46a72b1a691b87c4f, type: 3}
      propertyPath: m_LocalRotation.y
      value: -0.92387956
      objectReference: {fileID: 0}
    - target: {fileID: 400000, guid: 792345487fc70ac46a72b1a691b87c4f, type: 3}
      propertyPath: m_LocalRotation.z
      value: -0
      objectReference: {fileID: 0}
    - target: {fileID: 400000, guid: 792345487fc70ac46a72b1a691b87c4f, type: 3}
      propertyPath: m_LocalRotation.w
      value: 0.38268343
      objectReference: {fileID: 0}
    - target: {fileID: 400000, guid: 792345487fc70ac46a72b1a691b87c4f, type: 3}
      propertyPath: m_RootOrder
      value: 9
      objectReference: {fileID: 0}
    - target: {fileID: 400000, guid: 792345487fc70ac46a72b1a691b87c4f, type: 3}
      propertyPath: m_LocalEulerAnglesHint.x
      value: 0
      objectReference: {fileID: 0}
    - target: {fileID: 400000, guid: 792345487fc70ac46a72b1a691b87c4f, type: 3}
      propertyPath: m_LocalEulerAnglesHint.y
      value: -135
      objectReference: {fileID: 0}
    - target: {fileID: 400000, guid: 792345487fc70ac46a72b1a691b87c4f, type: 3}
      propertyPath: m_LocalEulerAnglesHint.z
      value: 0
      objectReference: {fileID: 0}
    m_RemovedComponents: []
  m_SourcePrefab: {fileID: 100100000, guid: 792345487fc70ac46a72b1a691b87c4f, type: 3}
--- !u!1 &3559435488396972043 stripped
GameObject:
  m_CorrespondingSourceObject: {fileID: 100000, guid: 792345487fc70ac46a72b1a691b87c4f,
    type: 3}
  m_PrefabInstance: {fileID: 3559435488397072043}
  m_PrefabAsset: {fileID: 0}
--- !u!4 &3559435488397200427 stripped
Transform:
  m_CorrespondingSourceObject: {fileID: 400000, guid: 792345487fc70ac46a72b1a691b87c4f,
    type: 3}
  m_PrefabInstance: {fileID: 3559435488397072043}
  m_PrefabAsset: {fileID: 0}
--- !u!1001 &4668928572239881672
PrefabInstance:
  m_ObjectHideFlags: 0
  serializedVersion: 2
  m_Modification:
    m_TransformParent: {fileID: 7941937778101836791}
    m_Modifications:
    - target: {fileID: 100000, guid: 32735b9ee3b90df4fbc4a5f3a47f17e1, type: 3}
      propertyPath: m_Name
      value: Box
      objectReference: {fileID: 0}
    - target: {fileID: 400000, guid: 32735b9ee3b90df4fbc4a5f3a47f17e1, type: 3}
      propertyPath: m_LocalPosition.x
      value: 0
      objectReference: {fileID: 0}
    - target: {fileID: 400000, guid: 32735b9ee3b90df4fbc4a5f3a47f17e1, type: 3}
      propertyPath: m_LocalPosition.y
      value: -0.75
      objectReference: {fileID: 0}
    - target: {fileID: 400000, guid: 32735b9ee3b90df4fbc4a5f3a47f17e1, type: 3}
      propertyPath: m_LocalPosition.z
      value: 0
      objectReference: {fileID: 0}
    - target: {fileID: 400000, guid: 32735b9ee3b90df4fbc4a5f3a47f17e1, type: 3}
      propertyPath: m_LocalRotation.x
      value: -0
      objectReference: {fileID: 0}
    - target: {fileID: 400000, guid: 32735b9ee3b90df4fbc4a5f3a47f17e1, type: 3}
      propertyPath: m_LocalRotation.y
      value: -0
      objectReference: {fileID: 0}
    - target: {fileID: 400000, guid: 32735b9ee3b90df4fbc4a5f3a47f17e1, type: 3}
      propertyPath: m_LocalRotation.z
      value: -0
      objectReference: {fileID: 0}
    - target: {fileID: 400000, guid: 32735b9ee3b90df4fbc4a5f3a47f17e1, type: 3}
      propertyPath: m_LocalRotation.w
      value: 1
      objectReference: {fileID: 0}
    - target: {fileID: 400000, guid: 32735b9ee3b90df4fbc4a5f3a47f17e1, type: 3}
      propertyPath: m_RootOrder
      value: 0
      objectReference: {fileID: 0}
    - target: {fileID: 400000, guid: 32735b9ee3b90df4fbc4a5f3a47f17e1, type: 3}
      propertyPath: m_LocalEulerAnglesHint.x
      value: 0
      objectReference: {fileID: 0}
    - target: {fileID: 400000, guid: 32735b9ee3b90df4fbc4a5f3a47f17e1, type: 3}
      propertyPath: m_LocalEulerAnglesHint.y
      value: 0
      objectReference: {fileID: 0}
    - target: {fileID: 400000, guid: 32735b9ee3b90df4fbc4a5f3a47f17e1, type: 3}
      propertyPath: m_LocalEulerAnglesHint.z
      value: 0
      objectReference: {fileID: 0}
    m_RemovedComponents: []
  m_SourcePrefab: {fileID: 100100000, guid: 32735b9ee3b90df4fbc4a5f3a47f17e1, type: 3}
--- !u!1 &4668928572239782760 stripped
GameObject:
  m_CorrespondingSourceObject: {fileID: 100000, guid: 32735b9ee3b90df4fbc4a5f3a47f17e1,
    type: 3}
  m_PrefabInstance: {fileID: 4668928572239881672}
  m_PrefabAsset: {fileID: 0}
--- !u!4 &4668928572239494984 stripped
Transform:
  m_CorrespondingSourceObject: {fileID: 400000, guid: 32735b9ee3b90df4fbc4a5f3a47f17e1,
    type: 3}
  m_PrefabInstance: {fileID: 4668928572239881672}
  m_PrefabAsset: {fileID: 0}
--- !u!1001 &6029456195073222702
PrefabInstance:
  m_ObjectHideFlags: 0
  serializedVersion: 2
  m_Modification:
    m_TransformParent: {fileID: 7941937778101836791}
    m_Modifications:
    - target: {fileID: 100000, guid: 32735b9ee3b90df4fbc4a5f3a47f17e1, type: 3}
      propertyPath: m_Name
      value: Box (2)
      objectReference: {fileID: 0}
    - target: {fileID: 400000, guid: 32735b9ee3b90df4fbc4a5f3a47f17e1, type: 3}
      propertyPath: m_LocalPosition.x
      value: 0
      objectReference: {fileID: 0}
    - target: {fileID: 400000, guid: 32735b9ee3b90df4fbc4a5f3a47f17e1, type: 3}
      propertyPath: m_LocalPosition.y
      value: -0.75
      objectReference: {fileID: 0}
    - target: {fileID: 400000, guid: 32735b9ee3b90df4fbc4a5f3a47f17e1, type: 3}
      propertyPath: m_LocalPosition.z
      value: -1.4960003
      objectReference: {fileID: 0}
    - target: {fileID: 400000, guid: 32735b9ee3b90df4fbc4a5f3a47f17e1, type: 3}
      propertyPath: m_LocalRotation.x
      value: -0
      objectReference: {fileID: 0}
    - target: {fileID: 400000, guid: 32735b9ee3b90df4fbc4a5f3a47f17e1, type: 3}
      propertyPath: m_LocalRotation.y
      value: -0
      objectReference: {fileID: 0}
    - target: {fileID: 400000, guid: 32735b9ee3b90df4fbc4a5f3a47f17e1, type: 3}
      propertyPath: m_LocalRotation.z
      value: -0
      objectReference: {fileID: 0}
    - target: {fileID: 400000, guid: 32735b9ee3b90df4fbc4a5f3a47f17e1, type: 3}
      propertyPath: m_LocalRotation.w
      value: 1
      objectReference: {fileID: 0}
    - target: {fileID: 400000, guid: 32735b9ee3b90df4fbc4a5f3a47f17e1, type: 3}
      propertyPath: m_RootOrder
      value: 2
      objectReference: {fileID: 0}
    - target: {fileID: 400000, guid: 32735b9ee3b90df4fbc4a5f3a47f17e1, type: 3}
      propertyPath: m_LocalEulerAnglesHint.x
      value: 0
      objectReference: {fileID: 0}
    - target: {fileID: 400000, guid: 32735b9ee3b90df4fbc4a5f3a47f17e1, type: 3}
      propertyPath: m_LocalEulerAnglesHint.y
      value: 0
      objectReference: {fileID: 0}
    - target: {fileID: 400000, guid: 32735b9ee3b90df4fbc4a5f3a47f17e1, type: 3}
      propertyPath: m_LocalEulerAnglesHint.z
      value: 0
      objectReference: {fileID: 0}
    m_RemovedComponents: []
  m_SourcePrefab: {fileID: 100100000, guid: 32735b9ee3b90df4fbc4a5f3a47f17e1, type: 3}
--- !u!1 &6029456195073322638 stripped
GameObject:
  m_CorrespondingSourceObject: {fileID: 100000, guid: 32735b9ee3b90df4fbc4a5f3a47f17e1,
    type: 3}
  m_PrefabInstance: {fileID: 6029456195073222702}
  m_PrefabAsset: {fileID: 0}
--- !u!4 &6029456195072832174 stripped
Transform:
  m_CorrespondingSourceObject: {fileID: 400000, guid: 32735b9ee3b90df4fbc4a5f3a47f17e1,
    type: 3}
  m_PrefabInstance: {fileID: 6029456195073222702}
  m_PrefabAsset: {fileID: 0}
--- !u!1001 &7500484299805218681
PrefabInstance:
  m_ObjectHideFlags: 0
  serializedVersion: 2
  m_Modification:
    m_TransformParent: {fileID: 7941937778101836791}
    m_Modifications:
    - target: {fileID: 100000, guid: 792345487fc70ac46a72b1a691b87c4f, type: 3}
      propertyPath: m_Name
      value: HealthBox
      objectReference: {fileID: 0}
    - target: {fileID: 400000, guid: 792345487fc70ac46a72b1a691b87c4f, type: 3}
      propertyPath: m_LocalPosition.x
      value: -1.6099997
      objectReference: {fileID: 0}
    - target: {fileID: 400000, guid: 792345487fc70ac46a72b1a691b87c4f, type: 3}
      propertyPath: m_LocalPosition.y
      value: -0.7388878
      objectReference: {fileID: 0}
    - target: {fileID: 400000, guid: 792345487fc70ac46a72b1a691b87c4f, type: 3}
      propertyPath: m_LocalPosition.z
      value: -1.6200008
      objectReference: {fileID: 0}
    - target: {fileID: 400000, guid: 792345487fc70ac46a72b1a691b87c4f, type: 3}
      propertyPath: m_LocalRotation.x
      value: -0
      objectReference: {fileID: 0}
    - target: {fileID: 400000, guid: 792345487fc70ac46a72b1a691b87c4f, type: 3}
      propertyPath: m_LocalRotation.y
      value: -0.38268343
      objectReference: {fileID: 0}
    - target: {fileID: 400000, guid: 792345487fc70ac46a72b1a691b87c4f, type: 3}
      propertyPath: m_LocalRotation.z
      value: -0
      objectReference: {fileID: 0}
    - target: {fileID: 400000, guid: 792345487fc70ac46a72b1a691b87c4f, type: 3}
      propertyPath: m_LocalRotation.w
      value: 0.92387956
      objectReference: {fileID: 0}
    - target: {fileID: 400000, guid: 792345487fc70ac46a72b1a691b87c4f, type: 3}
      propertyPath: m_RootOrder
      value: 6
      objectReference: {fileID: 0}
    - target: {fileID: 400000, guid: 792345487fc70ac46a72b1a691b87c4f, type: 3}
      propertyPath: m_LocalEulerAnglesHint.x
      value: 0
      objectReference: {fileID: 0}
    - target: {fileID: 400000, guid: 792345487fc70ac46a72b1a691b87c4f, type: 3}
      propertyPath: m_LocalEulerAnglesHint.y
      value: -45
      objectReference: {fileID: 0}
    - target: {fileID: 400000, guid: 792345487fc70ac46a72b1a691b87c4f, type: 3}
      propertyPath: m_LocalEulerAnglesHint.z
      value: 0
      objectReference: {fileID: 0}
    m_RemovedComponents: []
  m_SourcePrefab: {fileID: 100100000, guid: 792345487fc70ac46a72b1a691b87c4f, type: 3}
--- !u!1 &7500484299805250009 stripped
GameObject:
  m_CorrespondingSourceObject: {fileID: 100000, guid: 792345487fc70ac46a72b1a691b87c4f,
    type: 3}
  m_PrefabInstance: {fileID: 7500484299805218681}
  m_PrefabAsset: {fileID: 0}
--- !u!4 &7500484299805609465 stripped
Transform:
  m_CorrespondingSourceObject: {fileID: 400000, guid: 792345487fc70ac46a72b1a691b87c4f,
    type: 3}
  m_PrefabInstance: {fileID: 7500484299805218681}
  m_PrefabAsset: {fileID: 0}
--- !u!1001 &8640510855775100995
PrefabInstance:
  m_ObjectHideFlags: 0
  serializedVersion: 2
  m_Modification:
    m_TransformParent: {fileID: 7941937778101836791}
    m_Modifications:
    - target: {fileID: 100000, guid: 792345487fc70ac46a72b1a691b87c4f, type: 3}
      propertyPath: m_Name
      value: HealthBox (2)
      objectReference: {fileID: 0}
    - target: {fileID: 400000, guid: 792345487fc70ac46a72b1a691b87c4f, type: 3}
      propertyPath: m_LocalPosition.x
      value: 1.6100006
      objectReference: {fileID: 0}
    - target: {fileID: 400000, guid: 792345487fc70ac46a72b1a691b87c4f, type: 3}
      propertyPath: m_LocalPosition.y
      value: -0.7388878
      objectReference: {fileID: 0}
    - target: {fileID: 400000, guid: 792345487fc70ac46a72b1a691b87c4f, type: 3}
      propertyPath: m_LocalPosition.z
      value: 1.6099997
      objectReference: {fileID: 0}
    - target: {fileID: 400000, guid: 792345487fc70ac46a72b1a691b87c4f, type: 3}
      propertyPath: m_LocalRotation.x
      value: -0
      objectReference: {fileID: 0}
    - target: {fileID: 400000, guid: 792345487fc70ac46a72b1a691b87c4f, type: 3}
      propertyPath: m_LocalRotation.y
      value: 0.92387956
      objectReference: {fileID: 0}
    - target: {fileID: 400000, guid: 792345487fc70ac46a72b1a691b87c4f, type: 3}
      propertyPath: m_LocalRotation.z
      value: -0
      objectReference: {fileID: 0}
    - target: {fileID: 400000, guid: 792345487fc70ac46a72b1a691b87c4f, type: 3}
      propertyPath: m_LocalRotation.w
      value: 0.38268343
      objectReference: {fileID: 0}
    - target: {fileID: 400000, guid: 792345487fc70ac46a72b1a691b87c4f, type: 3}
      propertyPath: m_RootOrder
      value: 8
      objectReference: {fileID: 0}
    - target: {fileID: 400000, guid: 792345487fc70ac46a72b1a691b87c4f, type: 3}
      propertyPath: m_LocalEulerAnglesHint.x
      value: 0
      objectReference: {fileID: 0}
    - target: {fileID: 400000, guid: 792345487fc70ac46a72b1a691b87c4f, type: 3}
      propertyPath: m_LocalEulerAnglesHint.y
      value: 135
      objectReference: {fileID: 0}
    - target: {fileID: 400000, guid: 792345487fc70ac46a72b1a691b87c4f, type: 3}
      propertyPath: m_LocalEulerAnglesHint.z
      value: 0
      objectReference: {fileID: 0}
    m_RemovedComponents: []
  m_SourcePrefab: {fileID: 100100000, guid: 792345487fc70ac46a72b1a691b87c4f, type: 3}
--- !u!1 &8640510855775004387 stripped
GameObject:
  m_CorrespondingSourceObject: {fileID: 100000, guid: 792345487fc70ac46a72b1a691b87c4f,
    type: 3}
  m_PrefabInstance: {fileID: 8640510855775100995}
  m_PrefabAsset: {fileID: 0}
--- !u!4 &8640510855775500995 stripped
Transform:
  m_CorrespondingSourceObject: {fileID: 400000, guid: 792345487fc70ac46a72b1a691b87c4f,
    type: 3}
  m_PrefabInstance: {fileID: 8640510855775100995}
  m_PrefabAsset: {fileID: 0}
--- !u!1001 &8695154170469237329
PrefabInstance:
  m_ObjectHideFlags: 0
  serializedVersion: 2
  m_Modification:
    m_TransformParent: {fileID: 7941937778101836791}
    m_Modifications:
    - target: {fileID: 100000, guid: 32735b9ee3b90df4fbc4a5f3a47f17e1, type: 3}
      propertyPath: m_Name
      value: Box (3)
      objectReference: {fileID: 0}
    - target: {fileID: 400000, guid: 32735b9ee3b90df4fbc4a5f3a47f17e1, type: 3}
      propertyPath: m_LocalPosition.x
      value: 0
      objectReference: {fileID: 0}
    - target: {fileID: 400000, guid: 32735b9ee3b90df4fbc4a5f3a47f17e1, type: 3}
      propertyPath: m_LocalPosition.y
      value: -0.75
      objectReference: {fileID: 0}
    - target: {fileID: 400000, guid: 32735b9ee3b90df4fbc4a5f3a47f17e1, type: 3}
      propertyPath: m_LocalPosition.z
      value: 1.5019999
      objectReference: {fileID: 0}
    - target: {fileID: 400000, guid: 32735b9ee3b90df4fbc4a5f3a47f17e1, type: 3}
      propertyPath: m_LocalRotation.x
      value: -0
      objectReference: {fileID: 0}
    - target: {fileID: 400000, guid: 32735b9ee3b90df4fbc4a5f3a47f17e1, type: 3}
      propertyPath: m_LocalRotation.y
      value: -0
      objectReference: {fileID: 0}
    - target: {fileID: 400000, guid: 32735b9ee3b90df4fbc4a5f3a47f17e1, type: 3}
      propertyPath: m_LocalRotation.z
      value: -0
      objectReference: {fileID: 0}
    - target: {fileID: 400000, guid: 32735b9ee3b90df4fbc4a5f3a47f17e1, type: 3}
      propertyPath: m_LocalRotation.w
      value: 1
      objectReference: {fileID: 0}
    - target: {fileID: 400000, guid: 32735b9ee3b90df4fbc4a5f3a47f17e1, type: 3}
      propertyPath: m_RootOrder
      value: 3
      objectReference: {fileID: 0}
    - target: {fileID: 400000, guid: 32735b9ee3b90df4fbc4a5f3a47f17e1, type: 3}
      propertyPath: m_LocalEulerAnglesHint.x
      value: 0
      objectReference: {fileID: 0}
    - target: {fileID: 400000, guid: 32735b9ee3b90df4fbc4a5f3a47f17e1, type: 3}
      propertyPath: m_LocalEulerAnglesHint.y
      value: 0
      objectReference: {fileID: 0}
    - target: {fileID: 400000, guid: 32735b9ee3b90df4fbc4a5f3a47f17e1, type: 3}
      propertyPath: m_LocalEulerAnglesHint.z
      value: 0
      objectReference: {fileID: 0}
    m_RemovedComponents: []
  m_SourcePrefab: {fileID: 100100000, guid: 32735b9ee3b90df4fbc4a5f3a47f17e1, type: 3}
--- !u!4 &8695154170469374161 stripped
Transform:
  m_CorrespondingSourceObject: {fileID: 400000, guid: 32735b9ee3b90df4fbc4a5f3a47f17e1,
    type: 3}
  m_PrefabInstance: {fileID: 8695154170469237329}
  m_PrefabAsset: {fileID: 0}
--- !u!1 &8695154170469205233 stripped
GameObject:
  m_CorrespondingSourceObject: {fileID: 100000, guid: 32735b9ee3b90df4fbc4a5f3a47f17e1,
    type: 3}
  m_PrefabInstance: {fileID: 8695154170469237329}
  m_PrefabAsset: {fileID: 0}
