%YAML 1.1
%TAG !u! tag:unity3d.com,2011:
--- !u!1 &2416623055736934105
GameObject:
  m_ObjectHideFlags: 0
  m_CorrespondingSourceObject: {fileID: 0}
  m_PrefabInstance: {fileID: 0}
  m_PrefabAsset: {fileID: 0}
  serializedVersion: 6
  m_Component:
  - component: {fileID: 2416623055736934106}
  m_Layer: 0
  m_Name: spawn
  m_TagString: Untagged
  m_Icon: {fileID: 0}
  m_NavMeshLayer: 0
  m_StaticEditorFlags: 0
  m_IsActive: 1
--- !u!4 &2416623055736934106
Transform:
  m_ObjectHideFlags: 0
  m_CorrespondingSourceObject: {fileID: 0}
  m_PrefabInstance: {fileID: 0}
  m_PrefabAsset: {fileID: 0}
  m_GameObject: {fileID: 2416623055736934105}
  m_LocalRotation: {x: 0, y: 0, z: 0, w: 1}
  m_LocalPosition: {x: 72.5, y: 12.882618, z: 136.6}
  m_LocalScale: {x: 1, y: 1, z: 1}
  m_Children:
  - {fileID: 8778533270790961056}
  - {fileID: 8267870150373913703}
  - {fileID: 5504633312069905818}
  - {fileID: 8635417049012932601}
  - {fileID: 5037252161745045482}
  - {fileID: 2609479311976306529}
  - {fileID: 3736410191072969535}
  - {fileID: 6843272407937638076}
  - {fileID: 3114723301790299175}
  m_Father: {fileID: 0}
  m_RootOrder: 0
  m_LocalEulerAnglesHint: {x: 0, y: 0, z: 0}
--- !u!64 &6247134147065399988
MeshCollider:
  m_ObjectHideFlags: 0
  m_CorrespondingSourceObject: {fileID: 0}
  m_PrefabInstance: {fileID: 0}
  m_PrefabAsset: {fileID: 0}
  m_GameObject: {fileID: 2609479311976270665}
  m_Material: {fileID: 0}
  m_IsTrigger: 0
  m_Enabled: 1
  serializedVersion: 3
  m_Convex: 0
  m_CookingOptions: 14
  m_Mesh: {fileID: 4300026, guid: 7d3c05bccd7388942bcf8215cf4481c2, type: 3}
--- !u!64 &2329821436340313583
MeshCollider:
  m_ObjectHideFlags: 0
  m_CorrespondingSourceObject: {fileID: 0}
  m_PrefabInstance: {fileID: 0}
  m_PrefabAsset: {fileID: 0}
  m_GameObject: {fileID: 2609479311976270671}
  m_Material: {fileID: 0}
  m_IsTrigger: 0
  m_Enabled: 1
  serializedVersion: 3
  m_Convex: 0
  m_CookingOptions: 14
  m_Mesh: {fileID: 4300024, guid: 7d3c05bccd7388942bcf8215cf4481c2, type: 3}
--- !u!64 &5539783369917764461
MeshCollider:
  m_ObjectHideFlags: 0
  m_CorrespondingSourceObject: {fileID: 0}
  m_PrefabInstance: {fileID: 0}
  m_PrefabAsset: {fileID: 0}
  m_GameObject: {fileID: 3114723301789804553}
  m_Material: {fileID: 0}
  m_IsTrigger: 0
  m_Enabled: 1
  serializedVersion: 3
  m_Convex: 0
  m_CookingOptions: 14
  m_Mesh: {fileID: 4300024, guid: 7d3c05bccd7388942bcf8215cf4481c2, type: 3}
--- !u!64 &2452312951285079557
MeshCollider:
  m_ObjectHideFlags: 0
  m_CorrespondingSourceObject: {fileID: 0}
  m_PrefabInstance: {fileID: 0}
  m_PrefabAsset: {fileID: 0}
  m_GameObject: {fileID: 3114723301789804559}
  m_Material: {fileID: 0}
  m_IsTrigger: 0
  m_Enabled: 1
  serializedVersion: 3
  m_Convex: 0
  m_CookingOptions: 14
  m_Mesh: {fileID: 4300026, guid: 7d3c05bccd7388942bcf8215cf4481c2, type: 3}
--- !u!64 &6394415659637591090
MeshCollider:
  m_ObjectHideFlags: 0
  m_CorrespondingSourceObject: {fileID: 0}
  m_PrefabInstance: {fileID: 0}
  m_PrefabAsset: {fileID: 0}
  m_GameObject: {fileID: 3736410191072747281}
  m_Material: {fileID: 0}
  m_IsTrigger: 0
  m_Enabled: 1
  serializedVersion: 3
  m_Convex: 0
  m_CookingOptions: 14
  m_Mesh: {fileID: 4300024, guid: 7d3c05bccd7388942bcf8215cf4481c2, type: 3}
--- !u!64 &4102426628710734279
MeshCollider:
  m_ObjectHideFlags: 0
  m_CorrespondingSourceObject: {fileID: 0}
  m_PrefabInstance: {fileID: 0}
  m_PrefabAsset: {fileID: 0}
  m_GameObject: {fileID: 3736410191072747287}
  m_Material: {fileID: 0}
  m_IsTrigger: 0
  m_Enabled: 1
  serializedVersion: 3
  m_Convex: 0
  m_CookingOptions: 14
  m_Mesh: {fileID: 4300026, guid: 7d3c05bccd7388942bcf8215cf4481c2, type: 3}
--- !u!64 &4873628324290926387
MeshCollider:
  m_ObjectHideFlags: 0
  m_CorrespondingSourceObject: {fileID: 0}
  m_PrefabInstance: {fileID: 0}
  m_PrefabAsset: {fileID: 0}
  m_GameObject: {fileID: 5037252161745345482}
  m_Material: {fileID: 0}
  m_IsTrigger: 0
  m_Enabled: 1
  serializedVersion: 3
  m_Convex: 0
  m_CookingOptions: 14
  m_Mesh: {fileID: 4300002, guid: a54d6465548cc574099694cb8ca39133, type: 3}
--- !u!64 &2066429608278205833
MeshCollider:
  m_ObjectHideFlags: 0
  m_CorrespondingSourceObject: {fileID: 0}
  m_PrefabInstance: {fileID: 0}
  m_PrefabAsset: {fileID: 0}
  m_GameObject: {fileID: 5504633312069743034}
  m_Material: {fileID: 0}
  m_IsTrigger: 0
  m_Enabled: 1
  serializedVersion: 3
  m_Convex: 0
  m_CookingOptions: 14
  m_Mesh: {fileID: 4300002, guid: a54d6465548cc574099694cb8ca39133, type: 3}
--- !u!64 &6573620613038016371
MeshCollider:
  m_ObjectHideFlags: 0
  m_CorrespondingSourceObject: {fileID: 0}
  m_PrefabInstance: {fileID: 0}
  m_PrefabAsset: {fileID: 0}
  m_GameObject: {fileID: 6843272407937794706}
  m_Material: {fileID: 0}
  m_IsTrigger: 0
  m_Enabled: 1
  serializedVersion: 3
  m_Convex: 0
  m_CookingOptions: 14
  m_Mesh: {fileID: 4300024, guid: 7d3c05bccd7388942bcf8215cf4481c2, type: 3}
--- !u!64 &4982537569923349503
MeshCollider:
  m_ObjectHideFlags: 0
  m_CorrespondingSourceObject: {fileID: 0}
  m_PrefabInstance: {fileID: 0}
  m_PrefabAsset: {fileID: 0}
  m_GameObject: {fileID: 6843272407937794708}
  m_Material: {fileID: 0}
  m_IsTrigger: 0
  m_Enabled: 1
  serializedVersion: 3
  m_Convex: 0
  m_CookingOptions: 14
  m_Mesh: {fileID: 4300026, guid: 7d3c05bccd7388942bcf8215cf4481c2, type: 3}
--- !u!64 &7680287804096361901
MeshCollider:
  m_ObjectHideFlags: 0
  m_CorrespondingSourceObject: {fileID: 0}
  m_PrefabInstance: {fileID: 0}
  m_PrefabAsset: {fileID: 0}
  m_GameObject: {fileID: 8267870150373419079}
  m_Material: {fileID: 0}
  m_IsTrigger: 0
  m_Enabled: 1
  serializedVersion: 3
  m_Convex: 0
  m_CookingOptions: 14
  m_Mesh: {fileID: 4300002, guid: a54d6465548cc574099694cb8ca39133, type: 3}
--- !u!64 &503450552572448819
MeshCollider:
  m_ObjectHideFlags: 0
  m_CorrespondingSourceObject: {fileID: 0}
  m_PrefabInstance: {fileID: 0}
  m_PrefabAsset: {fileID: 0}
  m_GameObject: {fileID: 8635417049012835289}
  m_Material: {fileID: 0}
  m_IsTrigger: 0
  m_Enabled: 1
  serializedVersion: 3
  m_Convex: 0
  m_CookingOptions: 14
  m_Mesh: {fileID: 4300002, guid: a54d6465548cc574099694cb8ca39133, type: 3}
--- !u!64 &2580699836646677707
MeshCollider:
  m_ObjectHideFlags: 0
  m_CorrespondingSourceObject: {fileID: 0}
  m_PrefabInstance: {fileID: 0}
  m_PrefabAsset: {fileID: 0}
  m_GameObject: {fileID: 8778533270791318400}
  m_Material: {fileID: 0}
  m_IsTrigger: 0
  m_Enabled: 1
  serializedVersion: 3
  m_Convex: 0
  m_CookingOptions: 14
  m_Mesh: {fileID: 4300002, guid: cd310f2ef3f49e745a29acea7e78c935, type: 3}
--- !u!1001 &2609479311976173043
PrefabInstance:
  m_ObjectHideFlags: 0
  serializedVersion: 2
  m_Modification:
    m_TransformParent: {fileID: 2416623055736934106}
    m_Modifications:
    - target: {fileID: 100018, guid: 7d3c05bccd7388942bcf8215cf4481c2, type: 3}
      propertyPath: m_Name
      value: SwitchStanding
      objectReference: {fileID: 0}
    - target: {fileID: 400018, guid: 7d3c05bccd7388942bcf8215cf4481c2, type: 3}
      propertyPath: m_LocalPosition.x
      value: 11.06
      objectReference: {fileID: 0}
    - target: {fileID: 400018, guid: 7d3c05bccd7388942bcf8215cf4481c2, type: 3}
      propertyPath: m_LocalPosition.y
      value: 0.93
      objectReference: {fileID: 0}
    - target: {fileID: 400018, guid: 7d3c05bccd7388942bcf8215cf4481c2, type: 3}
      propertyPath: m_LocalPosition.z
      value: 10.95
      objectReference: {fileID: 0}
    - target: {fileID: 400018, guid: 7d3c05bccd7388942bcf8215cf4481c2, type: 3}
      propertyPath: m_LocalRotation.x
      value: -0
      objectReference: {fileID: 0}
    - target: {fileID: 400018, guid: 7d3c05bccd7388942bcf8215cf4481c2, type: 3}
      propertyPath: m_LocalRotation.y
      value: -0
      objectReference: {fileID: 0}
    - target: {fileID: 400018, guid: 7d3c05bccd7388942bcf8215cf4481c2, type: 3}
      propertyPath: m_LocalRotation.z
      value: -0
      objectReference: {fileID: 0}
    - target: {fileID: 400018, guid: 7d3c05bccd7388942bcf8215cf4481c2, type: 3}
      propertyPath: m_LocalRotation.w
      value: 1
      objectReference: {fileID: 0}
    - target: {fileID: 400018, guid: 7d3c05bccd7388942bcf8215cf4481c2, type: 3}
      propertyPath: m_RootOrder
      value: 5
      objectReference: {fileID: 0}
    - target: {fileID: 400018, guid: 7d3c05bccd7388942bcf8215cf4481c2, type: 3}
      propertyPath: m_LocalEulerAnglesHint.x
      value: 0
      objectReference: {fileID: 0}
    - target: {fileID: 400018, guid: 7d3c05bccd7388942bcf8215cf4481c2, type: 3}
      propertyPath: m_LocalEulerAnglesHint.y
      value: 0
      objectReference: {fileID: 0}
    - target: {fileID: 400018, guid: 7d3c05bccd7388942bcf8215cf4481c2, type: 3}
      propertyPath: m_LocalEulerAnglesHint.z
      value: 0
      objectReference: {fileID: 0}
    m_RemovedComponents: []
  m_SourcePrefab: {fileID: 100100000, guid: 7d3c05bccd7388942bcf8215cf4481c2, type: 3}
--- !u!1 &2609479311976270671 stripped
GameObject:
  m_CorrespondingSourceObject: {fileID: 100028, guid: 7d3c05bccd7388942bcf8215cf4481c2,
    type: 3}
  m_PrefabInstance: {fileID: 2609479311976173043}
  m_PrefabAsset: {fileID: 0}
--- !u!4 &2609479311976306529 stripped
Transform:
  m_CorrespondingSourceObject: {fileID: 400018, guid: 7d3c05bccd7388942bcf8215cf4481c2,
    type: 3}
  m_PrefabInstance: {fileID: 2609479311976173043}
  m_PrefabAsset: {fileID: 0}
--- !u!1 &2609479311976270665 stripped
GameObject:
  m_CorrespondingSourceObject: {fileID: 100026, guid: 7d3c05bccd7388942bcf8215cf4481c2,
    type: 3}
  m_PrefabInstance: {fileID: 2609479311976173043}
  m_PrefabAsset: {fileID: 0}
--- !u!1001 &3114723301789904565
PrefabInstance:
  m_ObjectHideFlags: 0
  serializedVersion: 2
  m_Modification:
    m_TransformParent: {fileID: 2416623055736934106}
    m_Modifications:
    - target: {fileID: 100018, guid: 7d3c05bccd7388942bcf8215cf4481c2, type: 3}
      propertyPath: m_Name
      value: SwitchStanding (3)
      objectReference: {fileID: 0}
    - target: {fileID: 400018, guid: 7d3c05bccd7388942bcf8215cf4481c2, type: 3}
      propertyPath: m_LocalPosition.x
      value: -11.2
      objectReference: {fileID: 0}
    - target: {fileID: 400018, guid: 7d3c05bccd7388942bcf8215cf4481c2, type: 3}
      propertyPath: m_LocalPosition.y
      value: 0.896
      objectReference: {fileID: 0}
    - target: {fileID: 400018, guid: 7d3c05bccd7388942bcf8215cf4481c2, type: 3}
      propertyPath: m_LocalPosition.z
      value: 11.035
      objectReference: {fileID: 0}
    - target: {fileID: 400018, guid: 7d3c05bccd7388942bcf8215cf4481c2, type: 3}
      propertyPath: m_LocalRotation.x
      value: -0
      objectReference: {fileID: 0}
    - target: {fileID: 400018, guid: 7d3c05bccd7388942bcf8215cf4481c2, type: 3}
      propertyPath: m_LocalRotation.y
      value: -0
      objectReference: {fileID: 0}
    - target: {fileID: 400018, guid: 7d3c05bccd7388942bcf8215cf4481c2, type: 3}
      propertyPath: m_LocalRotation.z
      value: -0
      objectReference: {fileID: 0}
    - target: {fileID: 400018, guid: 7d3c05bccd7388942bcf8215cf4481c2, type: 3}
      propertyPath: m_LocalRotation.w
      value: 1
      objectReference: {fileID: 0}
    - target: {fileID: 400018, guid: 7d3c05bccd7388942bcf8215cf4481c2, type: 3}
      propertyPath: m_RootOrder
      value: 8
      objectReference: {fileID: 0}
    - target: {fileID: 400018, guid: 7d3c05bccd7388942bcf8215cf4481c2, type: 3}
      propertyPath: m_LocalEulerAnglesHint.x
      value: 0
      objectReference: {fileID: 0}
    - target: {fileID: 400018, guid: 7d3c05bccd7388942bcf8215cf4481c2, type: 3}
      propertyPath: m_LocalEulerAnglesHint.y
      value: 0
      objectReference: {fileID: 0}
    - target: {fileID: 400018, guid: 7d3c05bccd7388942bcf8215cf4481c2, type: 3}
      propertyPath: m_LocalEulerAnglesHint.z
      value: 0
      objectReference: {fileID: 0}
    m_RemovedComponents: []
  m_SourcePrefab: {fileID: 100100000, guid: 7d3c05bccd7388942bcf8215cf4481c2, type: 3}
--- !u!1 &3114723301789804553 stripped
GameObject:
  m_CorrespondingSourceObject: {fileID: 100028, guid: 7d3c05bccd7388942bcf8215cf4481c2,
    type: 3}
  m_PrefabInstance: {fileID: 3114723301789904565}
  m_PrefabAsset: {fileID: 0}
--- !u!4 &3114723301790299175 stripped
Transform:
  m_CorrespondingSourceObject: {fileID: 400018, guid: 7d3c05bccd7388942bcf8215cf4481c2,
    type: 3}
  m_PrefabInstance: {fileID: 3114723301789904565}
  m_PrefabAsset: {fileID: 0}
--- !u!1 &3114723301789804559 stripped
GameObject:
  m_CorrespondingSourceObject: {fileID: 100026, guid: 7d3c05bccd7388942bcf8215cf4481c2,
    type: 3}
  m_PrefabInstance: {fileID: 3114723301789904565}
  m_PrefabAsset: {fileID: 0}
--- !u!1001 &3736410191072844205
PrefabInstance:
  m_ObjectHideFlags: 0
  serializedVersion: 2
  m_Modification:
    m_TransformParent: {fileID: 2416623055736934106}
    m_Modifications:
    - target: {fileID: 100018, guid: 7d3c05bccd7388942bcf8215cf4481c2, type: 3}
      propertyPath: m_Name
      value: SwitchStanding (1)
      objectReference: {fileID: 0}
    - target: {fileID: 400018, guid: 7d3c05bccd7388942bcf8215cf4481c2, type: 3}
      propertyPath: m_LocalPosition.x
      value: 10.94
      objectReference: {fileID: 0}
    - target: {fileID: 400018, guid: 7d3c05bccd7388942bcf8215cf4481c2, type: 3}
      propertyPath: m_LocalPosition.y
      value: 0.9300003
      objectReference: {fileID: 0}
    - target: {fileID: 400018, guid: 7d3c05bccd7388942bcf8215cf4481c2, type: 3}
      propertyPath: m_LocalPosition.z
      value: -11.19
      objectReference: {fileID: 0}
    - target: {fileID: 400018, guid: 7d3c05bccd7388942bcf8215cf4481c2, type: 3}
      propertyPath: m_LocalRotation.x
      value: -0
      objectReference: {fileID: 0}
    - target: {fileID: 400018, guid: 7d3c05bccd7388942bcf8215cf4481c2, type: 3}
      propertyPath: m_LocalRotation.y
      value: -0
      objectReference: {fileID: 0}
    - target: {fileID: 400018, guid: 7d3c05bccd7388942bcf8215cf4481c2, type: 3}
      propertyPath: m_LocalRotation.z
      value: -0
      objectReference: {fileID: 0}
    - target: {fileID: 400018, guid: 7d3c05bccd7388942bcf8215cf4481c2, type: 3}
      propertyPath: m_LocalRotation.w
      value: 1
      objectReference: {fileID: 0}
    - target: {fileID: 400018, guid: 7d3c05bccd7388942bcf8215cf4481c2, type: 3}
      propertyPath: m_RootOrder
      value: 6
      objectReference: {fileID: 0}
    - target: {fileID: 400018, guid: 7d3c05bccd7388942bcf8215cf4481c2, type: 3}
      propertyPath: m_LocalEulerAnglesHint.x
      value: 0
      objectReference: {fileID: 0}
    - target: {fileID: 400018, guid: 7d3c05bccd7388942bcf8215cf4481c2, type: 3}
      propertyPath: m_LocalEulerAnglesHint.y
      value: 0
      objectReference: {fileID: 0}
    - target: {fileID: 400018, guid: 7d3c05bccd7388942bcf8215cf4481c2, type: 3}
      propertyPath: m_LocalEulerAnglesHint.z
      value: 0
      objectReference: {fileID: 0}
    m_RemovedComponents: []
  m_SourcePrefab: {fileID: 100100000, guid: 7d3c05bccd7388942bcf8215cf4481c2, type: 3}
--- !u!4 &3736410191072969535 stripped
Transform:
  m_CorrespondingSourceObject: {fileID: 400018, guid: 7d3c05bccd7388942bcf8215cf4481c2,
    type: 3}
  m_PrefabInstance: {fileID: 3736410191072844205}
  m_PrefabAsset: {fileID: 0}
--- !u!1 &3736410191072747281 stripped
GameObject:
  m_CorrespondingSourceObject: {fileID: 100028, guid: 7d3c05bccd7388942bcf8215cf4481c2,
    type: 3}
  m_PrefabInstance: {fileID: 3736410191072844205}
  m_PrefabAsset: {fileID: 0}
--- !u!1 &3736410191072747287 stripped
GameObject:
  m_CorrespondingSourceObject: {fileID: 100026, guid: 7d3c05bccd7388942bcf8215cf4481c2,
    type: 3}
  m_PrefabInstance: {fileID: 3736410191072844205}
  m_PrefabAsset: {fileID: 0}
--- !u!1001 &5037252161745444202
PrefabInstance:
  m_ObjectHideFlags: 0
  serializedVersion: 2
  m_Modification:
    m_TransformParent: {fileID: 2416623055736934106}
    m_Modifications:
    - target: {fileID: 100000, guid: a54d6465548cc574099694cb8ca39133, type: 3}
      propertyPath: m_Name
      value: FloorCircular02 (4)
      objectReference: {fileID: 0}
    - target: {fileID: 400000, guid: a54d6465548cc574099694cb8ca39133, type: 3}
      propertyPath: m_LocalPosition.x
      value: -0.07287598
      objectReference: {fileID: 0}
    - target: {fileID: 400000, guid: a54d6465548cc574099694cb8ca39133, type: 3}
      propertyPath: m_LocalPosition.y
      value: 1.0764732
      objectReference: {fileID: 0}
    - target: {fileID: 400000, guid: a54d6465548cc574099694cb8ca39133, type: 3}
      propertyPath: m_LocalPosition.z
      value: -0.064086914
      objectReference: {fileID: 0}
    - target: {fileID: 400000, guid: a54d6465548cc574099694cb8ca39133, type: 3}
      propertyPath: m_LocalRotation.x
      value: 0
      objectReference: {fileID: 0}
    - target: {fileID: 400000, guid: a54d6465548cc574099694cb8ca39133, type: 3}
      propertyPath: m_LocalRotation.y
      value: -0.7071068
      objectReference: {fileID: 0}
    - target: {fileID: 400000, guid: a54d6465548cc574099694cb8ca39133, type: 3}
      propertyPath: m_LocalRotation.z
      value: 0
      objectReference: {fileID: 0}
    - target: {fileID: 400000, guid: a54d6465548cc574099694cb8ca39133, type: 3}
      propertyPath: m_LocalRotation.w
      value: 0.7071068
      objectReference: {fileID: 0}
    - target: {fileID: 400000, guid: a54d6465548cc574099694cb8ca39133, type: 3}
      propertyPath: m_RootOrder
      value: 4
      objectReference: {fileID: 0}
    - target: {fileID: 400000, guid: a54d6465548cc574099694cb8ca39133, type: 3}
      propertyPath: m_LocalEulerAnglesHint.x
      value: 0
      objectReference: {fileID: 0}
    - target: {fileID: 400000, guid: a54d6465548cc574099694cb8ca39133, type: 3}
      propertyPath: m_LocalEulerAnglesHint.y
      value: -90
      objectReference: {fileID: 0}
    - target: {fileID: 400000, guid: a54d6465548cc574099694cb8ca39133, type: 3}
      propertyPath: m_LocalEulerAnglesHint.z
      value: 0
      objectReference: {fileID: 0}
    m_RemovedComponents: []
  m_SourcePrefab: {fileID: 100100000, guid: a54d6465548cc574099694cb8ca39133, type: 3}
--- !u!4 &5037252161745045482 stripped
Transform:
  m_CorrespondingSourceObject: {fileID: 400000, guid: a54d6465548cc574099694cb8ca39133,
    type: 3}
  m_PrefabInstance: {fileID: 5037252161745444202}
  m_PrefabAsset: {fileID: 0}
--- !u!1 &5037252161745345482 stripped
GameObject:
  m_CorrespondingSourceObject: {fileID: 100000, guid: a54d6465548cc574099694cb8ca39133,
    type: 3}
  m_PrefabInstance: {fileID: 5037252161745444202}
  m_PrefabAsset: {fileID: 0}
--- !u!1001 &5504633312069777178
PrefabInstance:
  m_ObjectHideFlags: 0
  serializedVersion: 2
  m_Modification:
    m_TransformParent: {fileID: 2416623055736934106}
    m_Modifications:
    - target: {fileID: 100000, guid: a54d6465548cc574099694cb8ca39133, type: 3}
      propertyPath: m_Name
      value: FloorCircular02 (2)
      objectReference: {fileID: 0}
    - target: {fileID: 400000, guid: a54d6465548cc574099694cb8ca39133, type: 3}
      propertyPath: m_LocalPosition.x
      value: -0.07287598
      objectReference: {fileID: 0}
    - target: {fileID: 400000, guid: a54d6465548cc574099694cb8ca39133, type: 3}
      propertyPath: m_LocalPosition.y
      value: 1.0764732
      objectReference: {fileID: 0}
    - target: {fileID: 400000, guid: a54d6465548cc574099694cb8ca39133, type: 3}
      propertyPath: m_LocalPosition.z
      value: -0.064086914
      objectReference: {fileID: 0}
    - target: {fileID: 400000, guid: a54d6465548cc574099694cb8ca39133, type: 3}
      propertyPath: m_LocalRotation.x
      value: -0
      objectReference: {fileID: 0}
    - target: {fileID: 400000, guid: a54d6465548cc574099694cb8ca39133, type: 3}
      propertyPath: m_LocalRotation.y
      value: -0
      objectReference: {fileID: 0}
    - target: {fileID: 400000, guid: a54d6465548cc574099694cb8ca39133, type: 3}
      propertyPath: m_LocalRotation.z
      value: -0
      objectReference: {fileID: 0}
    - target: {fileID: 400000, guid: a54d6465548cc574099694cb8ca39133, type: 3}
      propertyPath: m_LocalRotation.w
      value: 1
      objectReference: {fileID: 0}
    - target: {fileID: 400000, guid: a54d6465548cc574099694cb8ca39133, type: 3}
      propertyPath: m_RootOrder
      value: 2
      objectReference: {fileID: 0}
    - target: {fileID: 400000, guid: a54d6465548cc574099694cb8ca39133, type: 3}
      propertyPath: m_LocalEulerAnglesHint.x
      value: 0
      objectReference: {fileID: 0}
    - target: {fileID: 400000, guid: a54d6465548cc574099694cb8ca39133, type: 3}
      propertyPath: m_LocalEulerAnglesHint.y
      value: 0
      objectReference: {fileID: 0}
    - target: {fileID: 400000, guid: a54d6465548cc574099694cb8ca39133, type: 3}
      propertyPath: m_LocalEulerAnglesHint.z
      value: 0
      objectReference: {fileID: 0}
    m_RemovedComponents: []
  m_SourcePrefab: {fileID: 100100000, guid: a54d6465548cc574099694cb8ca39133, type: 3}
--- !u!4 &5504633312069905818 stripped
Transform:
  m_CorrespondingSourceObject: {fileID: 400000, guid: a54d6465548cc574099694cb8ca39133,
    type: 3}
  m_PrefabInstance: {fileID: 5504633312069777178}
  m_PrefabAsset: {fileID: 0}
--- !u!1 &5504633312069743034 stripped
GameObject:
  m_CorrespondingSourceObject: {fileID: 100000, guid: a54d6465548cc574099694cb8ca39133,
    type: 3}
  m_PrefabInstance: {fileID: 5504633312069777178}
  m_PrefabAsset: {fileID: 0}
--- !u!1001 &6843272407937762350
PrefabInstance:
  m_ObjectHideFlags: 0
  serializedVersion: 2
  m_Modification:
    m_TransformParent: {fileID: 2416623055736934106}
    m_Modifications:
    - target: {fileID: 100018, guid: 7d3c05bccd7388942bcf8215cf4481c2, type: 3}
      propertyPath: m_Name
      value: SwitchStanding (2)
      objectReference: {fileID: 0}
    - target: {fileID: 400018, guid: 7d3c05bccd7388942bcf8215cf4481c2, type: 3}
      propertyPath: m_LocalPosition.x
      value: -11.31
      objectReference: {fileID: 0}
    - target: {fileID: 400018, guid: 7d3c05bccd7388942bcf8215cf4481c2, type: 3}
      propertyPath: m_LocalPosition.y
      value: 0.96
      objectReference: {fileID: 0}
    - target: {fileID: 400018, guid: 7d3c05bccd7388942bcf8215cf4481c2, type: 3}
      propertyPath: m_LocalPosition.z
      value: -11.31
      objectReference: {fileID: 0}
    - target: {fileID: 400018, guid: 7d3c05bccd7388942bcf8215cf4481c2, type: 3}
      propertyPath: m_LocalRotation.x
      value: -0
      objectReference: {fileID: 0}
    - target: {fileID: 400018, guid: 7d3c05bccd7388942bcf8215cf4481c2, type: 3}
      propertyPath: m_LocalRotation.y
      value: -0
      objectReference: {fileID: 0}
    - target: {fileID: 400018, guid: 7d3c05bccd7388942bcf8215cf4481c2, type: 3}
      propertyPath: m_LocalRotation.z
      value: -0
      objectReference: {fileID: 0}
    - target: {fileID: 400018, guid: 7d3c05bccd7388942bcf8215cf4481c2, type: 3}
      propertyPath: m_LocalRotation.w
      value: 1
      objectReference: {fileID: 0}
    - target: {fileID: 400018, guid: 7d3c05bccd7388942bcf8215cf4481c2, type: 3}
      propertyPath: m_RootOrder
      value: 7
      objectReference: {fileID: 0}
    - target: {fileID: 400018, guid: 7d3c05bccd7388942bcf8215cf4481c2, type: 3}
      propertyPath: m_LocalEulerAnglesHint.x
      value: 0
      objectReference: {fileID: 0}
    - target: {fileID: 400018, guid: 7d3c05bccd7388942bcf8215cf4481c2, type: 3}
      propertyPath: m_LocalEulerAnglesHint.y
      value: 0
      objectReference: {fileID: 0}
    - target: {fileID: 400018, guid: 7d3c05bccd7388942bcf8215cf4481c2, type: 3}
      propertyPath: m_LocalEulerAnglesHint.z
      value: 0
      objectReference: {fileID: 0}
    m_RemovedComponents: []
  m_SourcePrefab: {fileID: 100100000, guid: 7d3c05bccd7388942bcf8215cf4481c2, type: 3}
--- !u!4 &6843272407937638076 stripped
Transform:
  m_CorrespondingSourceObject: {fileID: 400018, guid: 7d3c05bccd7388942bcf8215cf4481c2,
    type: 3}
  m_PrefabInstance: {fileID: 6843272407937762350}
  m_PrefabAsset: {fileID: 0}
--- !u!1 &6843272407937794708 stripped
GameObject:
  m_CorrespondingSourceObject: {fileID: 100026, guid: 7d3c05bccd7388942bcf8215cf4481c2,
    type: 3}
  m_PrefabInstance: {fileID: 6843272407937762350}
  m_PrefabAsset: {fileID: 0}
--- !u!1 &6843272407937794706 stripped
GameObject:
  m_CorrespondingSourceObject: {fileID: 100028, guid: 7d3c05bccd7388942bcf8215cf4481c2,
    type: 3}
  m_PrefabInstance: {fileID: 6843272407937762350}
  m_PrefabAsset: {fileID: 0}
--- !u!1001 &8267870150373519079
PrefabInstance:
  m_ObjectHideFlags: 0
  serializedVersion: 2
  m_Modification:
    m_TransformParent: {fileID: 2416623055736934106}
    m_Modifications:
    - target: {fileID: 100000, guid: a54d6465548cc574099694cb8ca39133, type: 3}
      propertyPath: m_Name
      value: FloorCircular02 (1)
      objectReference: {fileID: 0}
    - target: {fileID: 400000, guid: a54d6465548cc574099694cb8ca39133, type: 3}
      propertyPath: m_LocalPosition.x
      value: -0.07287598
      objectReference: {fileID: 0}
    - target: {fileID: 400000, guid: a54d6465548cc574099694cb8ca39133, type: 3}
      propertyPath: m_LocalPosition.y
      value: 1.0764732
      objectReference: {fileID: 0}
    - target: {fileID: 400000, guid: a54d6465548cc574099694cb8ca39133, type: 3}
      propertyPath: m_LocalPosition.z
      value: -0.064086914
      objectReference: {fileID: 0}
    - target: {fileID: 400000, guid: a54d6465548cc574099694cb8ca39133, type: 3}
      propertyPath: m_LocalRotation.x
      value: 0
      objectReference: {fileID: 0}
    - target: {fileID: 400000, guid: a54d6465548cc574099694cb8ca39133, type: 3}
      propertyPath: m_LocalRotation.y
      value: 0.7071068
      objectReference: {fileID: 0}
    - target: {fileID: 400000, guid: a54d6465548cc574099694cb8ca39133, type: 3}
      propertyPath: m_LocalRotation.z
      value: 0
      objectReference: {fileID: 0}
    - target: {fileID: 400000, guid: a54d6465548cc574099694cb8ca39133, type: 3}
      propertyPath: m_LocalRotation.w
      value: 0.7071068
      objectReference: {fileID: 0}
    - target: {fileID: 400000, guid: a54d6465548cc574099694cb8ca39133, type: 3}
      propertyPath: m_RootOrder
      value: 1
      objectReference: {fileID: 0}
    - target: {fileID: 400000, guid: a54d6465548cc574099694cb8ca39133, type: 3}
      propertyPath: m_LocalEulerAnglesHint.x
      value: 0
      objectReference: {fileID: 0}
    - target: {fileID: 400000, guid: a54d6465548cc574099694cb8ca39133, type: 3}
      propertyPath: m_LocalEulerAnglesHint.y
      value: 90
      objectReference: {fileID: 0}
    - target: {fileID: 400000, guid: a54d6465548cc574099694cb8ca39133, type: 3}
      propertyPath: m_LocalEulerAnglesHint.z
      value: 0
      objectReference: {fileID: 0}
    m_RemovedComponents: []
  m_SourcePrefab: {fileID: 100100000, guid: a54d6465548cc574099694cb8ca39133, type: 3}
--- !u!4 &8267870150373913703 stripped
Transform:
  m_CorrespondingSourceObject: {fileID: 400000, guid: a54d6465548cc574099694cb8ca39133,
    type: 3}
  m_PrefabInstance: {fileID: 8267870150373519079}
  m_PrefabAsset: {fileID: 0}
--- !u!1 &8267870150373419079 stripped
GameObject:
  m_CorrespondingSourceObject: {fileID: 100000, guid: a54d6465548cc574099694cb8ca39133,
    type: 3}
  m_PrefabInstance: {fileID: 8267870150373519079}
  m_PrefabAsset: {fileID: 0}
--- !u!1001 &8635417049012802937
PrefabInstance:
  m_ObjectHideFlags: 0
  serializedVersion: 2
  m_Modification:
    m_TransformParent: {fileID: 2416623055736934106}
    m_Modifications:
    - target: {fileID: 100000, guid: a54d6465548cc574099694cb8ca39133, type: 3}
      propertyPath: m_Name
      value: FloorCircular02 (3)
      objectReference: {fileID: 0}
    - target: {fileID: 400000, guid: a54d6465548cc574099694cb8ca39133, type: 3}
      propertyPath: m_LocalPosition.x
      value: -0.07287598
      objectReference: {fileID: 0}
    - target: {fileID: 400000, guid: a54d6465548cc574099694cb8ca39133, type: 3}
      propertyPath: m_LocalPosition.y
      value: 1.0764732
      objectReference: {fileID: 0}
    - target: {fileID: 400000, guid: a54d6465548cc574099694cb8ca39133, type: 3}
      propertyPath: m_LocalPosition.z
      value: -0.064086914
      objectReference: {fileID: 0}
    - target: {fileID: 400000, guid: a54d6465548cc574099694cb8ca39133, type: 3}
      propertyPath: m_LocalRotation.x
      value: 0
      objectReference: {fileID: 0}
    - target: {fileID: 400000, guid: a54d6465548cc574099694cb8ca39133, type: 3}
      propertyPath: m_LocalRotation.y
      value: 1
      objectReference: {fileID: 0}
    - target: {fileID: 400000, guid: a54d6465548cc574099694cb8ca39133, type: 3}
      propertyPath: m_LocalRotation.z
      value: 0
      objectReference: {fileID: 0}
    - target: {fileID: 400000, guid: a54d6465548cc574099694cb8ca39133, type: 3}
      propertyPath: m_LocalRotation.w
      value: 0
      objectReference: {fileID: 0}
    - target: {fileID: 400000, guid: a54d6465548cc574099694cb8ca39133, type: 3}
      propertyPath: m_RootOrder
      value: 3
      objectReference: {fileID: 0}
    - target: {fileID: 400000, guid: a54d6465548cc574099694cb8ca39133, type: 3}
      propertyPath: m_LocalEulerAnglesHint.x
      value: 0
      objectReference: {fileID: 0}
    - target: {fileID: 400000, guid: a54d6465548cc574099694cb8ca39133, type: 3}
      propertyPath: m_LocalEulerAnglesHint.y
      value: 180
      objectReference: {fileID: 0}
    - target: {fileID: 400000, guid: a54d6465548cc574099694cb8ca39133, type: 3}
      propertyPath: m_LocalEulerAnglesHint.z
      value: 0
      objectReference: {fileID: 0}
    m_RemovedComponents: []
  m_SourcePrefab: {fileID: 100100000, guid: a54d6465548cc574099694cb8ca39133, type: 3}
--- !u!4 &8635417049012932601 stripped
Transform:
  m_CorrespondingSourceObject: {fileID: 400000, guid: a54d6465548cc574099694cb8ca39133,
    type: 3}
  m_PrefabInstance: {fileID: 8635417049012802937}
  m_PrefabAsset: {fileID: 0}
--- !u!1 &8635417049012835289 stripped
GameObject:
  m_CorrespondingSourceObject: {fileID: 100000, guid: a54d6465548cc574099694cb8ca39133,
    type: 3}
  m_PrefabInstance: {fileID: 8635417049012802937}
  m_PrefabAsset: {fileID: 0}
--- !u!1001 &8778533270791351584
PrefabInstance:
  m_ObjectHideFlags: 0
  serializedVersion: 2
  m_Modification:
    m_TransformParent: {fileID: 2416623055736934106}
    m_Modifications:
    - target: {fileID: 100000, guid: cd310f2ef3f49e745a29acea7e78c935, type: 3}
      propertyPath: m_Name
      value: FloorCircular01
      objectReference: {fileID: 0}
    - target: {fileID: 400000, guid: cd310f2ef3f49e745a29acea7e78c935, type: 3}
      propertyPath: m_LocalPosition.x
      value: 0
      objectReference: {fileID: 0}
    - target: {fileID: 400000, guid: cd310f2ef3f49e745a29acea7e78c935, type: 3}
      propertyPath: m_LocalPosition.y
      value: 1.07
      objectReference: {fileID: 0}
    - target: {fileID: 400000, guid: cd310f2ef3f49e745a29acea7e78c935, type: 3}
      propertyPath: m_LocalPosition.z
      value: 0
      objectReference: {fileID: 0}
    - target: {fileID: 400000, guid: cd310f2ef3f49e745a29acea7e78c935, type: 3}
      propertyPath: m_LocalRotation.x
      value: -0
      objectReference: {fileID: 0}
    - target: {fileID: 400000, guid: cd310f2ef3f49e745a29acea7e78c935, type: 3}
      propertyPath: m_LocalRotation.y
      value: -0
      objectReference: {fileID: 0}
    - target: {fileID: 400000, guid: cd310f2ef3f49e745a29acea7e78c935, type: 3}
      propertyPath: m_LocalRotation.z
      value: -0
      objectReference: {fileID: 0}
    - target: {fileID: 400000, guid: cd310f2ef3f49e745a29acea7e78c935, type: 3}
      propertyPath: m_LocalRotation.w
      value: 1
      objectReference: {fileID: 0}
    - target: {fileID: 400000, guid: cd310f2ef3f49e745a29acea7e78c935, type: 3}
      propertyPath: m_RootOrder
      value: 0
      objectReference: {fileID: 0}
    - target: {fileID: 400000, guid: cd310f2ef3f49e745a29acea7e78c935, type: 3}
      propertyPath: m_LocalEulerAnglesHint.x
      value: 0
      objectReference: {fileID: 0}
    - target: {fileID: 400000, guid: cd310f2ef3f49e745a29acea7e78c935, type: 3}
      propertyPath: m_LocalEulerAnglesHint.y
      value: 0
      objectReference: {fileID: 0}
    - target: {fileID: 400000, guid: cd310f2ef3f49e745a29acea7e78c935, type: 3}
      propertyPath: m_LocalEulerAnglesHint.z
      value: 0
      objectReference: {fileID: 0}
    m_RemovedComponents: []
  m_SourcePrefab: {fileID: 100100000, guid: cd310f2ef3f49e745a29acea7e78c935, type: 3}
--- !u!1 &8778533270791318400 stripped
GameObject:
  m_CorrespondingSourceObject: {fileID: 100000, guid: cd310f2ef3f49e745a29acea7e78c935,
    type: 3}
  m_PrefabInstance: {fileID: 8778533270791351584}
  m_PrefabAsset: {fileID: 0}
--- !u!4 &8778533270790961056 stripped
Transform:
  m_CorrespondingSourceObject: {fileID: 400000, guid: cd310f2ef3f49e745a29acea7e78c935,
    type: 3}
  m_PrefabInstance: {fileID: 8778533270791351584}
  m_PrefabAsset: {fileID: 0}
