%YAML 1.1
%TAG !u! tag:unity3d.com,2011:
--- !u!64 &2769522629356588622
MeshCollider:
  m_ObjectHideFlags: 0
  m_CorrespondingSourceObject: {fileID: 0}
  m_PrefabInstance: {fileID: 0}
  m_PrefabAsset: {fileID: 0}
  m_GameObject: {fileID: 272405345902501908}
  m_Material: {fileID: 13400000, guid: 3aeb7dadc0c69d54d9e5777e9d5631f1, type: 2}
  m_IsTrigger: 0
  m_Enabled: 1
  serializedVersion: 3
  m_Convex: 0
  m_CookingOptions: 14
  m_Mesh: {fileID: 4300004, guid: 7fcaaac27d89cdd4482ed70129f9cf81, type: 3}
--- !u!64 &5372306597927906806
MeshCollider:
  m_ObjectHideFlags: 0
  m_CorrespondingSourceObject: {fileID: 0}
  m_PrefabInstance: {fileID: 0}
  m_PrefabAsset: {fileID: 0}
  m_GameObject: {fileID: 1511179434653059210}
  m_Material: {fileID: 13400000, guid: 3aeb7dadc0c69d54d9e5777e9d5631f1, type: 2}
  m_IsTrigger: 0
  m_Enabled: 1
  serializedVersion: 3
  m_Convex: 0
  m_CookingOptions: 14
  m_Mesh: {fileID: 4300004, guid: 7fcaaac27d89cdd4482ed70129f9cf81, type: 3}
--- !u!1 &1789707309941366648
GameObject:
  m_ObjectHideFlags: 0
  m_CorrespondingSourceObject: {fileID: 0}
  m_PrefabInstance: {fileID: 0}
  m_PrefabAsset: {fileID: 0}
  serializedVersion: 6
  m_Component:
  - component: {fileID: 5590717627823392292}
  m_Layer: 0
  m_Name: WallTemple
  m_TagString: Untagged
  m_Icon: {fileID: 0}
  m_NavMeshLayer: 0
  m_StaticEditorFlags: 0
  m_IsActive: 1
--- !u!4 &5590717627823392292
Transform:
  m_ObjectHideFlags: 0
  m_CorrespondingSourceObject: {fileID: 0}
  m_PrefabInstance: {fileID: 0}
  m_PrefabAsset: {fileID: 0}
  m_GameObject: {fileID: 1789707309941366648}
  m_LocalRotation: {x: 0, y: 0, z: 0, w: 1}
  m_LocalPosition: {x: 12.728372, y: 12.249531, z: 7.926434}
  m_LocalScale: {x: 1, y: 1, z: 1}
  m_Children:
  - {fileID: 4419091506679072759}
  - {fileID: 4340355590538273034}
  - {fileID: 8628594401970449665}
  - {fileID: 3236492333111902301}
  - {fileID: 1852682421295550352}
  - {fileID: 6654511210060826772}
  - {fileID: 1511179434652636330}
  - {fileID: 7062311360790936421}
  - {fileID: 272405345902017588}
  - {fileID: 8460738248335144541}
  m_Father: {fileID: 0}
  m_RootOrder: 0
  m_LocalEulerAnglesHint: {x: 0, y: 0, z: 0}
--- !u!64 &1193521820790005571
MeshCollider:
  m_ObjectHideFlags: 0
  m_CorrespondingSourceObject: {fileID: 0}
  m_PrefabInstance: {fileID: 0}
  m_PrefabAsset: {fileID: 0}
  m_GameObject: {fileID: 1852682421295190960}
  m_Material: {fileID: 13400000, guid: 3aeb7dadc0c69d54d9e5777e9d5631f1, type: 2}
  m_IsTrigger: 0
  m_Enabled: 1
  serializedVersion: 3
  m_Convex: 0
  m_CookingOptions: 14
  m_Mesh: {fileID: 4300004, guid: 7fcaaac27d89cdd4482ed70129f9cf81, type: 3}
--- !u!64 &83874873002170865
MeshCollider:
  m_ObjectHideFlags: 0
  m_CorrespondingSourceObject: {fileID: 0}
  m_PrefabInstance: {fileID: 0}
  m_PrefabAsset: {fileID: 0}
  m_GameObject: {fileID: 3236492333112269949}
  m_Material: {fileID: 13400000, guid: 3aeb7dadc0c69d54d9e5777e9d5631f1, type: 2}
  m_IsTrigger: 0
  m_Enabled: 1
  serializedVersion: 3
  m_Convex: 0
  m_CookingOptions: 14
  m_Mesh: {fileID: 4300004, guid: 7fcaaac27d89cdd4482ed70129f9cf81, type: 3}
--- !u!64 &3680386976368173204
MeshCollider:
  m_ObjectHideFlags: 0
  m_CorrespondingSourceObject: {fileID: 0}
  m_PrefabInstance: {fileID: 0}
  m_PrefabAsset: {fileID: 0}
  m_GameObject: {fileID: 4340355590538509610}
  m_Material: {fileID: 13400000, guid: 3aeb7dadc0c69d54d9e5777e9d5631f1, type: 2}
  m_IsTrigger: 0
  m_Enabled: 1
  serializedVersion: 3
  m_Convex: 0
  m_CookingOptions: 14
  m_Mesh: {fileID: 4300004, guid: 7fcaaac27d89cdd4482ed70129f9cf81, type: 3}
--- !u!64 &8042042556885324748
MeshCollider:
  m_ObjectHideFlags: 0
  m_CorrespondingSourceObject: {fileID: 0}
  m_PrefabInstance: {fileID: 0}
  m_PrefabAsset: {fileID: 0}
  m_GameObject: {fileID: 4419091506678914007}
  m_Material: {fileID: 13400000, guid: 3aeb7dadc0c69d54d9e5777e9d5631f1, type: 2}
  m_IsTrigger: 0
  m_Enabled: 1
  serializedVersion: 3
  m_Convex: 0
  m_CookingOptions: 14
  m_Mesh: {fileID: 4300004, guid: 7fcaaac27d89cdd4482ed70129f9cf81, type: 3}
--- !u!64 &8170801323673986255
MeshCollider:
  m_ObjectHideFlags: 0
  m_CorrespondingSourceObject: {fileID: 0}
  m_PrefabInstance: {fileID: 0}
  m_PrefabAsset: {fileID: 0}
  m_GameObject: {fileID: 6654511210060338356}
  m_Material: {fileID: 13400000, guid: 3aeb7dadc0c69d54d9e5777e9d5631f1, type: 2}
  m_IsTrigger: 0
  m_Enabled: 1
  serializedVersion: 3
  m_Convex: 0
  m_CookingOptions: 14
  m_Mesh: {fileID: 4300004, guid: 7fcaaac27d89cdd4482ed70129f9cf81, type: 3}
--- !u!64 &5507676766669025480
MeshCollider:
  m_ObjectHideFlags: 0
  m_CorrespondingSourceObject: {fileID: 0}
  m_PrefabInstance: {fileID: 0}
  m_PrefabAsset: {fileID: 0}
  m_GameObject: {fileID: 7062311360790636357}
  m_Material: {fileID: 13400000, guid: 3aeb7dadc0c69d54d9e5777e9d5631f1, type: 2}
  m_IsTrigger: 0
  m_Enabled: 1
  serializedVersion: 3
  m_Convex: 0
  m_CookingOptions: 14
  m_Mesh: {fileID: 4300004, guid: 7fcaaac27d89cdd4482ed70129f9cf81, type: 3}
--- !u!64 &6735406044397137803
MeshCollider:
  m_ObjectHideFlags: 0
  m_CorrespondingSourceObject: {fileID: 0}
  m_PrefabInstance: {fileID: 0}
  m_PrefabAsset: {fileID: 0}
  m_GameObject: {fileID: 8460738248335174269}
  m_Material: {fileID: 13400000, guid: 3aeb7dadc0c69d54d9e5777e9d5631f1, type: 2}
  m_IsTrigger: 0
  m_Enabled: 1
  serializedVersion: 3
  m_Convex: 0
  m_CookingOptions: 14
  m_Mesh: {fileID: 4300004, guid: 7fcaaac27d89cdd4482ed70129f9cf81, type: 3}
--- !u!64 &3265922353366884934
MeshCollider:
  m_ObjectHideFlags: 0
  m_CorrespondingSourceObject: {fileID: 0}
  m_PrefabInstance: {fileID: 0}
  m_PrefabAsset: {fileID: 0}
  m_GameObject: {fileID: 8628594401970024737}
  m_Material: {fileID: 13400000, guid: 3aeb7dadc0c69d54d9e5777e9d5631f1, type: 2}
  m_IsTrigger: 0
  m_Enabled: 1
  serializedVersion: 3
  m_Convex: 0
  m_CookingOptions: 14
  m_Mesh: {fileID: 4300004, guid: 7fcaaac27d89cdd4482ed70129f9cf81, type: 3}
--- !u!1001 &272405345902405300
PrefabInstance:
  m_ObjectHideFlags: 0
  serializedVersion: 2
  m_Modification:
    m_TransformParent: {fileID: 5590717627823392292}
    m_Modifications:
    - target: {fileID: 100000, guid: 7fcaaac27d89cdd4482ed70129f9cf81, type: 3}
      propertyPath: m_Name
      value: WallShort01 (8)
      objectReference: {fileID: 0}
    - target: {fileID: 400000, guid: 7fcaaac27d89cdd4482ed70129f9cf81, type: 3}
      propertyPath: m_LocalPosition.x
      value: 3.7616282
      objectReference: {fileID: 0}
    - target: {fileID: 400000, guid: 7fcaaac27d89cdd4482ed70129f9cf81, type: 3}
      propertyPath: m_LocalPosition.y
      value: -1.9641256
      objectReference: {fileID: 0}
    - target: {fileID: 400000, guid: 7fcaaac27d89cdd4482ed70129f9cf81, type: 3}
      propertyPath: m_LocalPosition.z
      value: -12.946434
      objectReference: {fileID: 0}
    - target: {fileID: 400000, guid: 7fcaaac27d89cdd4482ed70129f9cf81, type: 3}
      propertyPath: m_LocalRotation.x
      value: -0
      objectReference: {fileID: 0}
    - target: {fileID: 400000, guid: 7fcaaac27d89cdd4482ed70129f9cf81, type: 3}
      propertyPath: m_LocalRotation.y
      value: 1
      objectReference: {fileID: 0}
    - target: {fileID: 400000, guid: 7fcaaac27d89cdd4482ed70129f9cf81, type: 3}
      propertyPath: m_LocalRotation.z
      value: -0
      objectReference: {fileID: 0}
    - target: {fileID: 400000, guid: 7fcaaac27d89cdd4482ed70129f9cf81, type: 3}
      propertyPath: m_LocalRotation.w
      value: 0
      objectReference: {fileID: 0}
    - target: {fileID: 400000, guid: 7fcaaac27d89cdd4482ed70129f9cf81, type: 3}
      propertyPath: m_RootOrder
      value: 8
      objectReference: {fileID: 0}
    - target: {fileID: 400000, guid: 7fcaaac27d89cdd4482ed70129f9cf81, type: 3}
      propertyPath: m_LocalEulerAnglesHint.x
      value: 0
      objectReference: {fileID: 0}
    - target: {fileID: 400000, guid: 7fcaaac27d89cdd4482ed70129f9cf81, type: 3}
      propertyPath: m_LocalEulerAnglesHint.y
      value: 180
      objectReference: {fileID: 0}
    - target: {fileID: 400000, guid: 7fcaaac27d89cdd4482ed70129f9cf81, type: 3}
      propertyPath: m_LocalEulerAnglesHint.z
      value: 0
      objectReference: {fileID: 0}
    m_RemovedComponents: []
  m_SourcePrefab: {fileID: 100100000, guid: 7fcaaac27d89cdd4482ed70129f9cf81, type: 3}
--- !u!1 &272405345902501908 stripped
GameObject:
  m_CorrespondingSourceObject: {fileID: 100000, guid: 7fcaaac27d89cdd4482ed70129f9cf81,
    type: 3}
  m_PrefabInstance: {fileID: 272405345902405300}
  m_PrefabAsset: {fileID: 0}
--- !u!4 &272405345902017588 stripped
Transform:
  m_CorrespondingSourceObject: {fileID: 400000, guid: 7fcaaac27d89cdd4482ed70129f9cf81,
    type: 3}
  m_PrefabInstance: {fileID: 272405345902405300}
  m_PrefabAsset: {fileID: 0}
--- !u!1001 &1511179434653027882
PrefabInstance:
  m_ObjectHideFlags: 0
  serializedVersion: 2
  m_Modification:
    m_TransformParent: {fileID: 5590717627823392292}
    m_Modifications:
    - target: {fileID: 100000, guid: 7fcaaac27d89cdd4482ed70129f9cf81, type: 3}
      propertyPath: m_Name
      value: WallShort01 (6)
      objectReference: {fileID: 0}
    - target: {fileID: 400000, guid: 7fcaaac27d89cdd4482ed70129f9cf81, type: 3}
      propertyPath: m_LocalPosition.x
      value: 3.7616282
      objectReference: {fileID: 0}
    - target: {fileID: 400000, guid: 7fcaaac27d89cdd4482ed70129f9cf81, type: 3}
      propertyPath: m_LocalPosition.y
      value: -1.9641256
      objectReference: {fileID: 0}
    - target: {fileID: 400000, guid: 7fcaaac27d89cdd4482ed70129f9cf81, type: 3}
      propertyPath: m_LocalPosition.z
      value: 2.993566
      objectReference: {fileID: 0}
    - target: {fileID: 400000, guid: 7fcaaac27d89cdd4482ed70129f9cf81, type: 3}
      propertyPath: m_LocalRotation.x
      value: -0
      objectReference: {fileID: 0}
    - target: {fileID: 400000, guid: 7fcaaac27d89cdd4482ed70129f9cf81, type: 3}
      propertyPath: m_LocalRotation.y
      value: 1
      objectReference: {fileID: 0}
    - target: {fileID: 400000, guid: 7fcaaac27d89cdd4482ed70129f9cf81, type: 3}
      propertyPath: m_LocalRotation.z
      value: -0
      objectReference: {fileID: 0}
    - target: {fileID: 400000, guid: 7fcaaac27d89cdd4482ed70129f9cf81, type: 3}
      propertyPath: m_LocalRotation.w
      value: 0
      objectReference: {fileID: 0}
    - target: {fileID: 400000, guid: 7fcaaac27d89cdd4482ed70129f9cf81, type: 3}
      propertyPath: m_RootOrder
      value: 6
      objectReference: {fileID: 0}
    - target: {fileID: 400000, guid: 7fcaaac27d89cdd4482ed70129f9cf81, type: 3}
      propertyPath: m_LocalEulerAnglesHint.x
      value: 0
      objectReference: {fileID: 0}
    - target: {fileID: 400000, guid: 7fcaaac27d89cdd4482ed70129f9cf81, type: 3}
      propertyPath: m_LocalEulerAnglesHint.y
      value: 180
      objectReference: {fileID: 0}
    - target: {fileID: 400000, guid: 7fcaaac27d89cdd4482ed70129f9cf81, type: 3}
      propertyPath: m_LocalEulerAnglesHint.z
      value: 0
      objectReference: {fileID: 0}
    m_RemovedComponents: []
  m_SourcePrefab: {fileID: 100100000, guid: 7fcaaac27d89cdd4482ed70129f9cf81, type: 3}
--- !u!4 &1511179434652636330 stripped
Transform:
  m_CorrespondingSourceObject: {fileID: 400000, guid: 7fcaaac27d89cdd4482ed70129f9cf81,
    type: 3}
  m_PrefabInstance: {fileID: 1511179434653027882}
  m_PrefabAsset: {fileID: 0}
--- !u!1 &1511179434653059210 stripped
GameObject:
  m_CorrespondingSourceObject: {fileID: 100000, guid: 7fcaaac27d89cdd4482ed70129f9cf81,
    type: 3}
  m_PrefabInstance: {fileID: 1511179434653027882}
  m_PrefabAsset: {fileID: 0}
--- !u!1001 &1852682421295158544
PrefabInstance:
  m_ObjectHideFlags: 0
  serializedVersion: 2
  m_Modification:
    m_TransformParent: {fileID: 5590717627823392292}
    m_Modifications:
    - target: {fileID: 100000, guid: 7fcaaac27d89cdd4482ed70129f9cf81, type: 3}
      propertyPath: m_Name
      value: WallShort01 (4)
      objectReference: {fileID: 0}
    - target: {fileID: 400000, guid: 7fcaaac27d89cdd4482ed70129f9cf81, type: 3}
      propertyPath: m_LocalPosition.x
      value: 3.7616282
      objectReference: {fileID: 0}
    - target: {fileID: 400000, guid: 7fcaaac27d89cdd4482ed70129f9cf81, type: 3}
      propertyPath: m_LocalPosition.y
      value: -1.9641256
      objectReference: {fileID: 0}
    - target: {fileID: 400000, guid: 7fcaaac27d89cdd4482ed70129f9cf81, type: 3}
      propertyPath: m_LocalPosition.z
      value: -0.99643373
      objectReference: {fileID: 0}
    - target: {fileID: 400000, guid: 7fcaaac27d89cdd4482ed70129f9cf81, type: 3}
      propertyPath: m_LocalRotation.x
      value: -0
      objectReference: {fileID: 0}
    - target: {fileID: 400000, guid: 7fcaaac27d89cdd4482ed70129f9cf81, type: 3}
      propertyPath: m_LocalRotation.y
      value: 1
      objectReference: {fileID: 0}
    - target: {fileID: 400000, guid: 7fcaaac27d89cdd4482ed70129f9cf81, type: 3}
      propertyPath: m_LocalRotation.z
      value: -0
      objectReference: {fileID: 0}
    - target: {fileID: 400000, guid: 7fcaaac27d89cdd4482ed70129f9cf81, type: 3}
      propertyPath: m_LocalRotation.w
      value: 0
      objectReference: {fileID: 0}
    - target: {fileID: 400000, guid: 7fcaaac27d89cdd4482ed70129f9cf81, type: 3}
      propertyPath: m_RootOrder
      value: 4
      objectReference: {fileID: 0}
    - target: {fileID: 400000, guid: 7fcaaac27d89cdd4482ed70129f9cf81, type: 3}
      propertyPath: m_LocalEulerAnglesHint.x
      value: 0
      objectReference: {fileID: 0}
    - target: {fileID: 400000, guid: 7fcaaac27d89cdd4482ed70129f9cf81, type: 3}
      propertyPath: m_LocalEulerAnglesHint.y
      value: 180
      objectReference: {fileID: 0}
    - target: {fileID: 400000, guid: 7fcaaac27d89cdd4482ed70129f9cf81, type: 3}
      propertyPath: m_LocalEulerAnglesHint.z
      value: 0
      objectReference: {fileID: 0}
    m_RemovedComponents: []
  m_SourcePrefab: {fileID: 100100000, guid: 7fcaaac27d89cdd4482ed70129f9cf81, type: 3}
--- !u!4 &1852682421295550352 stripped
Transform:
  m_CorrespondingSourceObject: {fileID: 400000, guid: 7fcaaac27d89cdd4482ed70129f9cf81,
    type: 3}
  m_PrefabInstance: {fileID: 1852682421295158544}
  m_PrefabAsset: {fileID: 0}
--- !u!1 &1852682421295190960 stripped
GameObject:
  m_CorrespondingSourceObject: {fileID: 100000, guid: 7fcaaac27d89cdd4482ed70129f9cf81,
    type: 3}
  m_PrefabInstance: {fileID: 1852682421295158544}
  m_PrefabAsset: {fileID: 0}
--- !u!1001 &3236492333112302301
PrefabInstance:
  m_ObjectHideFlags: 0
  serializedVersion: 2
  m_Modification:
    m_TransformParent: {fileID: 5590717627823392292}
    m_Modifications:
    - target: {fileID: 100000, guid: 7fcaaac27d89cdd4482ed70129f9cf81, type: 3}
      propertyPath: m_Name
      value: WallShort01 (3)
      objectReference: {fileID: 0}
    - target: {fileID: 400000, guid: 7fcaaac27d89cdd4482ed70129f9cf81, type: 3}
      propertyPath: m_LocalPosition.x
      value: 3.7616282
      objectReference: {fileID: 0}
    - target: {fileID: 400000, guid: 7fcaaac27d89cdd4482ed70129f9cf81, type: 3}
      propertyPath: m_LocalPosition.y
      value: -1.9641256
      objectReference: {fileID: 0}
    - target: {fileID: 400000, guid: 7fcaaac27d89cdd4482ed70129f9cf81, type: 3}
      propertyPath: m_LocalPosition.z
      value: -12.9664345
      objectReference: {fileID: 0}
    - target: {fileID: 400000, guid: 7fcaaac27d89cdd4482ed70129f9cf81, type: 3}
      propertyPath: m_LocalRotation.x
      value: -0
      objectReference: {fileID: 0}
    - target: {fileID: 400000, guid: 7fcaaac27d89cdd4482ed70129f9cf81, type: 3}
      propertyPath: m_LocalRotation.y
      value: -0
      objectReference: {fileID: 0}
    - target: {fileID: 400000, guid: 7fcaaac27d89cdd4482ed70129f9cf81, type: 3}
      propertyPath: m_LocalRotation.z
      value: -0
      objectReference: {fileID: 0}
    - target: {fileID: 400000, guid: 7fcaaac27d89cdd4482ed70129f9cf81, type: 3}
      propertyPath: m_LocalRotation.w
      value: 1
      objectReference: {fileID: 0}
    - target: {fileID: 400000, guid: 7fcaaac27d89cdd4482ed70129f9cf81, type: 3}
      propertyPath: m_RootOrder
      value: 3
      objectReference: {fileID: 0}
    - target: {fileID: 400000, guid: 7fcaaac27d89cdd4482ed70129f9cf81, type: 3}
      propertyPath: m_LocalEulerAnglesHint.x
      value: 0
      objectReference: {fileID: 0}
    - target: {fileID: 400000, guid: 7fcaaac27d89cdd4482ed70129f9cf81, type: 3}
      propertyPath: m_LocalEulerAnglesHint.y
      value: 0
      objectReference: {fileID: 0}
    - target: {fileID: 400000, guid: 7fcaaac27d89cdd4482ed70129f9cf81, type: 3}
      propertyPath: m_LocalEulerAnglesHint.z
      value: 0
      objectReference: {fileID: 0}
    m_RemovedComponents: []
  m_SourcePrefab: {fileID: 100100000, guid: 7fcaaac27d89cdd4482ed70129f9cf81, type: 3}
--- !u!1 &3236492333112269949 stripped
GameObject:
  m_CorrespondingSourceObject: {fileID: 100000, guid: 7fcaaac27d89cdd4482ed70129f9cf81,
    type: 3}
  m_PrefabInstance: {fileID: 3236492333112302301}
  m_PrefabAsset: {fileID: 0}
--- !u!4 &3236492333111902301 stripped
Transform:
  m_CorrespondingSourceObject: {fileID: 400000, guid: 7fcaaac27d89cdd4482ed70129f9cf81,
    type: 3}
  m_PrefabInstance: {fileID: 3236492333112302301}
  m_PrefabAsset: {fileID: 0}
--- !u!1001 &4340355590538410890
PrefabInstance:
  m_ObjectHideFlags: 0
  serializedVersion: 2
  m_Modification:
    m_TransformParent: {fileID: 5590717627823392292}
    m_Modifications:
    - target: {fileID: 100000, guid: 7fcaaac27d89cdd4482ed70129f9cf81, type: 3}
      propertyPath: m_Name
      value: WallShort01 (1)
      objectReference: {fileID: 0}
    - target: {fileID: 400000, guid: 7fcaaac27d89cdd4482ed70129f9cf81, type: 3}
      propertyPath: m_LocalPosition.x
      value: 3.7616282
      objectReference: {fileID: 0}
    - target: {fileID: 400000, guid: 7fcaaac27d89cdd4482ed70129f9cf81, type: 3}
      propertyPath: m_LocalPosition.y
      value: -1.9641256
      objectReference: {fileID: 0}
    - target: {fileID: 400000, guid: 7fcaaac27d89cdd4482ed70129f9cf81, type: 3}
      propertyPath: m_LocalPosition.z
      value: -4.986434
      objectReference: {fileID: 0}
    - target: {fileID: 400000, guid: 7fcaaac27d89cdd4482ed70129f9cf81, type: 3}
      propertyPath: m_LocalRotation.x
      value: -0
      objectReference: {fileID: 0}
    - target: {fileID: 400000, guid: 7fcaaac27d89cdd4482ed70129f9cf81, type: 3}
      propertyPath: m_LocalRotation.y
      value: 1
      objectReference: {fileID: 0}
    - target: {fileID: 400000, guid: 7fcaaac27d89cdd4482ed70129f9cf81, type: 3}
      propertyPath: m_LocalRotation.z
      value: -0
      objectReference: {fileID: 0}
    - target: {fileID: 400000, guid: 7fcaaac27d89cdd4482ed70129f9cf81, type: 3}
      propertyPath: m_LocalRotation.w
      value: 0
      objectReference: {fileID: 0}
    - target: {fileID: 400000, guid: 7fcaaac27d89cdd4482ed70129f9cf81, type: 3}
      propertyPath: m_RootOrder
      value: 1
      objectReference: {fileID: 0}
    - target: {fileID: 400000, guid: 7fcaaac27d89cdd4482ed70129f9cf81, type: 3}
      propertyPath: m_LocalEulerAnglesHint.x
      value: 0
      objectReference: {fileID: 0}
    - target: {fileID: 400000, guid: 7fcaaac27d89cdd4482ed70129f9cf81, type: 3}
      propertyPath: m_LocalEulerAnglesHint.y
      value: 180
      objectReference: {fileID: 0}
    - target: {fileID: 400000, guid: 7fcaaac27d89cdd4482ed70129f9cf81, type: 3}
      propertyPath: m_LocalEulerAnglesHint.z
      value: 0
      objectReference: {fileID: 0}
    m_RemovedComponents: []
  m_SourcePrefab: {fileID: 100100000, guid: 7fcaaac27d89cdd4482ed70129f9cf81, type: 3}
--- !u!4 &4340355590538273034 stripped
Transform:
  m_CorrespondingSourceObject: {fileID: 400000, guid: 7fcaaac27d89cdd4482ed70129f9cf81,
    type: 3}
  m_PrefabInstance: {fileID: 4340355590538410890}
  m_PrefabAsset: {fileID: 0}
--- !u!1 &4340355590538509610 stripped
GameObject:
  m_CorrespondingSourceObject: {fileID: 100000, guid: 7fcaaac27d89cdd4482ed70129f9cf81,
    type: 3}
  m_PrefabInstance: {fileID: 4340355590538410890}
  m_PrefabAsset: {fileID: 0}
--- !u!1001 &4419091506678947191
PrefabInstance:
  m_ObjectHideFlags: 0
  serializedVersion: 2
  m_Modification:
    m_TransformParent: {fileID: 5590717627823392292}
    m_Modifications:
    - target: {fileID: 100000, guid: 7fcaaac27d89cdd4482ed70129f9cf81, type: 3}
      propertyPath: m_Name
      value: WallShort01
      objectReference: {fileID: 0}
    - target: {fileID: 400000, guid: 7fcaaac27d89cdd4482ed70129f9cf81, type: 3}
      propertyPath: m_LocalPosition.x
      value: 3.7616282
      objectReference: {fileID: 0}
    - target: {fileID: 400000, guid: 7fcaaac27d89cdd4482ed70129f9cf81, type: 3}
      propertyPath: m_LocalPosition.y
      value: -1.9641256
      objectReference: {fileID: 0}
    - target: {fileID: 400000, guid: 7fcaaac27d89cdd4482ed70129f9cf81, type: 3}
      propertyPath: m_LocalPosition.z
      value: -8.976434
      objectReference: {fileID: 0}
    - target: {fileID: 400000, guid: 7fcaaac27d89cdd4482ed70129f9cf81, type: 3}
      propertyPath: m_LocalRotation.x
      value: -0
      objectReference: {fileID: 0}
    - target: {fileID: 400000, guid: 7fcaaac27d89cdd4482ed70129f9cf81, type: 3}
      propertyPath: m_LocalRotation.y
      value: -0
      objectReference: {fileID: 0}
    - target: {fileID: 400000, guid: 7fcaaac27d89cdd4482ed70129f9cf81, type: 3}
      propertyPath: m_LocalRotation.z
      value: -0
      objectReference: {fileID: 0}
    - target: {fileID: 400000, guid: 7fcaaac27d89cdd4482ed70129f9cf81, type: 3}
      propertyPath: m_LocalRotation.w
      value: 1
      objectReference: {fileID: 0}
    - target: {fileID: 400000, guid: 7fcaaac27d89cdd4482ed70129f9cf81, type: 3}
      propertyPath: m_RootOrder
      value: 0
      objectReference: {fileID: 0}
    - target: {fileID: 400000, guid: 7fcaaac27d89cdd4482ed70129f9cf81, type: 3}
      propertyPath: m_LocalEulerAnglesHint.x
      value: 0
      objectReference: {fileID: 0}
    - target: {fileID: 400000, guid: 7fcaaac27d89cdd4482ed70129f9cf81, type: 3}
      propertyPath: m_LocalEulerAnglesHint.y
      value: 0
      objectReference: {fileID: 0}
    - target: {fileID: 400000, guid: 7fcaaac27d89cdd4482ed70129f9cf81, type: 3}
      propertyPath: m_LocalEulerAnglesHint.z
      value: 0
      objectReference: {fileID: 0}
    m_RemovedComponents: []
  m_SourcePrefab: {fileID: 100100000, guid: 7fcaaac27d89cdd4482ed70129f9cf81, type: 3}
--- !u!1 &4419091506678914007 stripped
GameObject:
  m_CorrespondingSourceObject: {fileID: 100000, guid: 7fcaaac27d89cdd4482ed70129f9cf81,
    type: 3}
  m_PrefabInstance: {fileID: 4419091506678947191}
  m_PrefabAsset: {fileID: 0}
--- !u!4 &4419091506679072759 stripped
Transform:
  m_CorrespondingSourceObject: {fileID: 400000, guid: 7fcaaac27d89cdd4482ed70129f9cf81,
    type: 3}
  m_PrefabInstance: {fileID: 4419091506678947191}
  m_PrefabAsset: {fileID: 0}
--- !u!1001 &6654511210060435988
PrefabInstance:
  m_ObjectHideFlags: 0
  serializedVersion: 2
  m_Modification:
    m_TransformParent: {fileID: 5590717627823392292}
    m_Modifications:
    - target: {fileID: 100000, guid: 7fcaaac27d89cdd4482ed70129f9cf81, type: 3}
      propertyPath: m_Name
      value: WallShort01 (5)
      objectReference: {fileID: 0}
    - target: {fileID: 400000, guid: 7fcaaac27d89cdd4482ed70129f9cf81, type: 3}
      propertyPath: m_LocalPosition.x
      value: 3.7616282
      objectReference: {fileID: 0}
    - target: {fileID: 400000, guid: 7fcaaac27d89cdd4482ed70129f9cf81, type: 3}
      propertyPath: m_LocalPosition.y
      value: -1.9641256
      objectReference: {fileID: 0}
    - target: {fileID: 400000, guid: 7fcaaac27d89cdd4482ed70129f9cf81, type: 3}
      propertyPath: m_LocalPosition.z
      value: -4.986434
      objectReference: {fileID: 0}
    - target: {fileID: 400000, guid: 7fcaaac27d89cdd4482ed70129f9cf81, type: 3}
      propertyPath: m_LocalRotation.x
      value: -0
      objectReference: {fileID: 0}
    - target: {fileID: 400000, guid: 7fcaaac27d89cdd4482ed70129f9cf81, type: 3}
      propertyPath: m_LocalRotation.y
      value: -0
      objectReference: {fileID: 0}
    - target: {fileID: 400000, guid: 7fcaaac27d89cdd4482ed70129f9cf81, type: 3}
      propertyPath: m_LocalRotation.z
      value: -0
      objectReference: {fileID: 0}
    - target: {fileID: 400000, guid: 7fcaaac27d89cdd4482ed70129f9cf81, type: 3}
      propertyPath: m_LocalRotation.w
      value: 1
      objectReference: {fileID: 0}
    - target: {fileID: 400000, guid: 7fcaaac27d89cdd4482ed70129f9cf81, type: 3}
      propertyPath: m_RootOrder
      value: 5
      objectReference: {fileID: 0}
    - target: {fileID: 400000, guid: 7fcaaac27d89cdd4482ed70129f9cf81, type: 3}
      propertyPath: m_LocalEulerAnglesHint.x
      value: 0
      objectReference: {fileID: 0}
    - target: {fileID: 400000, guid: 7fcaaac27d89cdd4482ed70129f9cf81, type: 3}
      propertyPath: m_LocalEulerAnglesHint.y
      value: 0
      objectReference: {fileID: 0}
    - target: {fileID: 400000, guid: 7fcaaac27d89cdd4482ed70129f9cf81, type: 3}
      propertyPath: m_LocalEulerAnglesHint.z
      value: 0
      objectReference: {fileID: 0}
    m_RemovedComponents: []
  m_SourcePrefab: {fileID: 100100000, guid: 7fcaaac27d89cdd4482ed70129f9cf81, type: 3}
--- !u!4 &6654511210060826772 stripped
Transform:
  m_CorrespondingSourceObject: {fileID: 400000, guid: 7fcaaac27d89cdd4482ed70129f9cf81,
    type: 3}
  m_PrefabInstance: {fileID: 6654511210060435988}
  m_PrefabAsset: {fileID: 0}
--- !u!1 &6654511210060338356 stripped
GameObject:
  m_CorrespondingSourceObject: {fileID: 100000, guid: 7fcaaac27d89cdd4482ed70129f9cf81,
    type: 3}
  m_PrefabInstance: {fileID: 6654511210060435988}
  m_PrefabAsset: {fileID: 0}
--- !u!1001 &7062311360790536677
PrefabInstance:
  m_ObjectHideFlags: 0
  serializedVersion: 2
  m_Modification:
    m_TransformParent: {fileID: 5590717627823392292}
    m_Modifications:
    - target: {fileID: 100000, guid: 7fcaaac27d89cdd4482ed70129f9cf81, type: 3}
      propertyPath: m_Name
      value: WallShort01 (7)
      objectReference: {fileID: 0}
    - target: {fileID: 400000, guid: 7fcaaac27d89cdd4482ed70129f9cf81, type: 3}
      propertyPath: m_LocalPosition.x
      value: 3.7616282
      objectReference: {fileID: 0}
    - target: {fileID: 400000, guid: 7fcaaac27d89cdd4482ed70129f9cf81, type: 3}
      propertyPath: m_LocalPosition.y
      value: -1.9641256
      objectReference: {fileID: 0}
    - target: {fileID: 400000, guid: 7fcaaac27d89cdd4482ed70129f9cf81, type: 3}
      propertyPath: m_LocalPosition.z
      value: -0.9964342
      objectReference: {fileID: 0}
    - target: {fileID: 400000, guid: 7fcaaac27d89cdd4482ed70129f9cf81, type: 3}
      propertyPath: m_LocalRotation.x
      value: -0
      objectReference: {fileID: 0}
    - target: {fileID: 400000, guid: 7fcaaac27d89cdd4482ed70129f9cf81, type: 3}
      propertyPath: m_LocalRotation.y
      value: -0
      objectReference: {fileID: 0}
    - target: {fileID: 400000, guid: 7fcaaac27d89cdd4482ed70129f9cf81, type: 3}
      propertyPath: m_LocalRotation.z
      value: -0
      objectReference: {fileID: 0}
    - target: {fileID: 400000, guid: 7fcaaac27d89cdd4482ed70129f9cf81, type: 3}
      propertyPath: m_LocalRotation.w
      value: 1
      objectReference: {fileID: 0}
    - target: {fileID: 400000, guid: 7fcaaac27d89cdd4482ed70129f9cf81, type: 3}
      propertyPath: m_RootOrder
      value: 7
      objectReference: {fileID: 0}
    - target: {fileID: 400000, guid: 7fcaaac27d89cdd4482ed70129f9cf81, type: 3}
      propertyPath: m_LocalEulerAnglesHint.x
      value: 0
      objectReference: {fileID: 0}
    - target: {fileID: 400000, guid: 7fcaaac27d89cdd4482ed70129f9cf81, type: 3}
      propertyPath: m_LocalEulerAnglesHint.y
      value: 0
      objectReference: {fileID: 0}
    - target: {fileID: 400000, guid: 7fcaaac27d89cdd4482ed70129f9cf81, type: 3}
      propertyPath: m_LocalEulerAnglesHint.z
      value: 0
      objectReference: {fileID: 0}
    m_RemovedComponents: []
  m_SourcePrefab: {fileID: 100100000, guid: 7fcaaac27d89cdd4482ed70129f9cf81, type: 3}
--- !u!1 &7062311360790636357 stripped
GameObject:
  m_CorrespondingSourceObject: {fileID: 100000, guid: 7fcaaac27d89cdd4482ed70129f9cf81,
    type: 3}
  m_PrefabInstance: {fileID: 7062311360790536677}
  m_PrefabAsset: {fileID: 0}
--- !u!4 &7062311360790936421 stripped
Transform:
  m_CorrespondingSourceObject: {fileID: 400000, guid: 7fcaaac27d89cdd4482ed70129f9cf81,
    type: 3}
  m_PrefabInstance: {fileID: 7062311360790536677}
  m_PrefabAsset: {fileID: 0}
--- !u!1001 &8460738248335273181
PrefabInstance:
  m_ObjectHideFlags: 0
  serializedVersion: 2
  m_Modification:
    m_TransformParent: {fileID: 5590717627823392292}
    m_Modifications:
    - target: {fileID: 100000, guid: 7fcaaac27d89cdd4482ed70129f9cf81, type: 3}
      propertyPath: m_Name
      value: WallShort01 (9)
      objectReference: {fileID: 0}
    - target: {fileID: 400000, guid: 7fcaaac27d89cdd4482ed70129f9cf81, type: 3}
      propertyPath: m_LocalPosition.x
      value: 3.7616282
      objectReference: {fileID: 0}
    - target: {fileID: 400000, guid: 7fcaaac27d89cdd4482ed70129f9cf81, type: 3}
      propertyPath: m_LocalPosition.y
      value: -1.9641256
      objectReference: {fileID: 0}
    - target: {fileID: 400000, guid: 7fcaaac27d89cdd4482ed70129f9cf81, type: 3}
      propertyPath: m_LocalPosition.z
      value: -16.936434
      objectReference: {fileID: 0}
    - target: {fileID: 400000, guid: 7fcaaac27d89cdd4482ed70129f9cf81, type: 3}
      propertyPath: m_LocalRotation.x
      value: -0
      objectReference: {fileID: 0}
    - target: {fileID: 400000, guid: 7fcaaac27d89cdd4482ed70129f9cf81, type: 3}
      propertyPath: m_LocalRotation.y
      value: -0
      objectReference: {fileID: 0}
    - target: {fileID: 400000, guid: 7fcaaac27d89cdd4482ed70129f9cf81, type: 3}
      propertyPath: m_LocalRotation.z
      value: -0
      objectReference: {fileID: 0}
    - target: {fileID: 400000, guid: 7fcaaac27d89cdd4482ed70129f9cf81, type: 3}
      propertyPath: m_LocalRotation.w
      value: 1
      objectReference: {fileID: 0}
    - target: {fileID: 400000, guid: 7fcaaac27d89cdd4482ed70129f9cf81, type: 3}
      propertyPath: m_RootOrder
      value: 9
      objectReference: {fileID: 0}
    - target: {fileID: 400000, guid: 7fcaaac27d89cdd4482ed70129f9cf81, type: 3}
      propertyPath: m_LocalEulerAnglesHint.x
      value: 0
      objectReference: {fileID: 0}
    - target: {fileID: 400000, guid: 7fcaaac27d89cdd4482ed70129f9cf81, type: 3}
      propertyPath: m_LocalEulerAnglesHint.y
      value: 0
      objectReference: {fileID: 0}
    - target: {fileID: 400000, guid: 7fcaaac27d89cdd4482ed70129f9cf81, type: 3}
      propertyPath: m_LocalEulerAnglesHint.z
      value: 0
      objectReference: {fileID: 0}
    m_RemovedComponents: []
  m_SourcePrefab: {fileID: 100100000, guid: 7fcaaac27d89cdd4482ed70129f9cf81, type: 3}
--- !u!1 &8460738248335174269 stripped
GameObject:
  m_CorrespondingSourceObject: {fileID: 100000, guid: 7fcaaac27d89cdd4482ed70129f9cf81,
    type: 3}
  m_PrefabInstance: {fileID: 8460738248335273181}
  m_PrefabAsset: {fileID: 0}
--- !u!4 &8460738248335144541 stripped
Transform:
  m_CorrespondingSourceObject: {fileID: 400000, guid: 7fcaaac27d89cdd4482ed70129f9cf81,
    type: 3}
  m_PrefabInstance: {fileID: 8460738248335273181}
  m_PrefabAsset: {fileID: 0}
--- !u!1001 &8628594401970059137
PrefabInstance:
  m_ObjectHideFlags: 0
  serializedVersion: 2
  m_Modification:
    m_TransformParent: {fileID: 5590717627823392292}
    m_Modifications:
    - target: {fileID: 100000, guid: 7fcaaac27d89cdd4482ed70129f9cf81, type: 3}
      propertyPath: m_Name
      value: WallShort01 (2)
      objectReference: {fileID: 0}
    - target: {fileID: 400000, guid: 7fcaaac27d89cdd4482ed70129f9cf81, type: 3}
      propertyPath: m_LocalPosition.x
      value: 3.7616282
      objectReference: {fileID: 0}
    - target: {fileID: 400000, guid: 7fcaaac27d89cdd4482ed70129f9cf81, type: 3}
      propertyPath: m_LocalPosition.y
      value: -1.9641256
      objectReference: {fileID: 0}
    - target: {fileID: 400000, guid: 7fcaaac27d89cdd4482ed70129f9cf81, type: 3}
      propertyPath: m_LocalPosition.z
      value: -8.976434
      objectReference: {fileID: 0}
    - target: {fileID: 400000, guid: 7fcaaac27d89cdd4482ed70129f9cf81, type: 3}
      propertyPath: m_LocalRotation.x
      value: -0
      objectReference: {fileID: 0}
    - target: {fileID: 400000, guid: 7fcaaac27d89cdd4482ed70129f9cf81, type: 3}
      propertyPath: m_LocalRotation.y
      value: 1
      objectReference: {fileID: 0}
    - target: {fileID: 400000, guid: 7fcaaac27d89cdd4482ed70129f9cf81, type: 3}
      propertyPath: m_LocalRotation.z
      value: -0
      objectReference: {fileID: 0}
    - target: {fileID: 400000, guid: 7fcaaac27d89cdd4482ed70129f9cf81, type: 3}
      propertyPath: m_LocalRotation.w
      value: 0
      objectReference: {fileID: 0}
    - target: {fileID: 400000, guid: 7fcaaac27d89cdd4482ed70129f9cf81, type: 3}
      propertyPath: m_RootOrder
      value: 2
      objectReference: {fileID: 0}
    - target: {fileID: 400000, guid: 7fcaaac27d89cdd4482ed70129f9cf81, type: 3}
      propertyPath: m_LocalEulerAnglesHint.x
      value: 0
      objectReference: {fileID: 0}
    - target: {fileID: 400000, guid: 7fcaaac27d89cdd4482ed70129f9cf81, type: 3}
      propertyPath: m_LocalEulerAnglesHint.y
      value: 180
      objectReference: {fileID: 0}
    - target: {fileID: 400000, guid: 7fcaaac27d89cdd4482ed70129f9cf81, type: 3}
      propertyPath: m_LocalEulerAnglesHint.z
      value: 0
      objectReference: {fileID: 0}
    m_RemovedComponents: []
  m_SourcePrefab: {fileID: 100100000, guid: 7fcaaac27d89cdd4482ed70129f9cf81, type: 3}
--- !u!1 &8628594401970024737 stripped
GameObject:
  m_CorrespondingSourceObject: {fileID: 100000, guid: 7fcaaac27d89cdd4482ed70129f9cf81,
    type: 3}
  m_PrefabInstance: {fileID: 8628594401970059137}
  m_PrefabAsset: {fileID: 0}
--- !u!4 &8628594401970449665 stripped
Transform:
  m_CorrespondingSourceObject: {fileID: 400000, guid: 7fcaaac27d89cdd4482ed70129f9cf81,
    type: 3}
  m_PrefabInstance: {fileID: 8628594401970059137}
  m_PrefabAsset: {fileID: 0}
