%YAML 1.1
%TAG !u! tag:unity3d.com,2011:
--- !u!64 &6322832081638455450
MeshCollider:
  m_ObjectHideFlags: 0
  m_CorrespondingSourceObject: {fileID: 0}
  m_PrefabInstance: {fileID: 0}
  m_PrefabAsset: {fileID: 0}
  m_GameObject: {fileID: 1431958469836733872}
  m_Material: {fileID: 0}
  m_IsTrigger: 0
  m_Enabled: 1
  serializedVersion: 3
  m_Convex: 0
  m_CookingOptions: 14
  m_Mesh: {fileID: 4300002, guid: 3bd44296ed599724a8fe0d5600c61de7, type: 3}
--- !u!64 &2023755179969452122
MeshCollider:
  m_ObjectHideFlags: 0
  m_CorrespondingSourceObject: {fileID: 0}
  m_PrefabInstance: {fileID: 0}
  m_PrefabAsset: {fileID: 0}
  m_GameObject: {fileID: 1431958469836733878}
  m_Material: {fileID: 0}
  m_IsTrigger: 0
  m_Enabled: 1
  serializedVersion: 3
  m_Convex: 0
  m_CookingOptions: 14
  m_Mesh: {fileID: 4300000, guid: 3bd44296ed599724a8fe0d5600c61de7, type: 3}
--- !u!1 &2416623055736934105
GameObject:
  m_ObjectHideFlags: 0
  m_CorrespondingSourceObject: {fileID: 0}
  m_PrefabInstance: {fileID: 0}
  m_PrefabAsset: {fileID: 0}
  serializedVersion: 6
  m_Component:
  - component: {fileID: 2416623055736934106}
  m_Layer: 0
  m_Name: Box house 3
  m_TagString: Untagged
  m_Icon: {fileID: 0}
  m_NavMeshLayer: 0
  m_StaticEditorFlags: 0
  m_IsActive: 1
--- !u!4 &2416623055736934106
Transform:
  m_ObjectHideFlags: 0
  m_CorrespondingSourceObject: {fileID: 0}
  m_PrefabInstance: {fileID: 0}
  m_PrefabAsset: {fileID: 0}
  m_GameObject: {fileID: 2416623055736934105}
  m_LocalRotation: {x: 0, y: 0, z: 0, w: 1}
  m_LocalPosition: {x: 72.5, y: 12.882618, z: 136.6}
  m_LocalScale: {x: 1, y: 1, z: 1}
  m_Children:
  - {fileID: 1431958469347366732}
  - {fileID: 4136897361596395451}
  - {fileID: 5768485639245556166}
  m_Father: {fileID: 0}
  m_RootOrder: 0
  m_LocalEulerAnglesHint: {x: 0, y: 0, z: 0}
--- !u!64 &6255706254244030448
MeshCollider:
  m_ObjectHideFlags: 0
  m_CorrespondingSourceObject: {fileID: 0}
  m_PrefabInstance: {fileID: 0}
  m_PrefabAsset: {fileID: 0}
  m_GameObject: {fileID: 5768485638539466849}
  m_Material: {fileID: 0}
  m_IsTrigger: 0
  m_Enabled: 1
  serializedVersion: 3
  m_Convex: 0
  m_CookingOptions: 14
  m_Mesh: {fileID: 4300000, guid: afba9081c28f2a94abbe4eec2a2ce9e4, type: 3}
--- !u!64 &6544386210606527792
MeshCollider:
  m_ObjectHideFlags: 0
  m_CorrespondingSourceObject: {fileID: 0}
  m_PrefabInstance: {fileID: 0}
  m_PrefabAsset: {fileID: 0}
  m_GameObject: {fileID: 5768485638698127685}
  m_Material: {fileID: 0}
  m_IsTrigger: 0
  m_Enabled: 1
  serializedVersion: 3
  m_Convex: 0
  m_CookingOptions: 14
  m_Mesh: {fileID: 4300000, guid: afba9081c28f2a94abbe4eec2a2ce9e4, type: 3}
--- !u!64 &5712416504474679723
MeshCollider:
  m_ObjectHideFlags: 0
  m_CorrespondingSourceObject: {fileID: 0}
  m_PrefabInstance: {fileID: 0}
  m_PrefabAsset: {fileID: 0}
  m_GameObject: {fileID: 5768485638740737805}
  m_Material: {fileID: 0}
  m_IsTrigger: 0
  m_Enabled: 1
  serializedVersion: 3
  m_Convex: 0
  m_CookingOptions: 14
  m_Mesh: {fileID: 4300000, guid: afba9081c28f2a94abbe4eec2a2ce9e4, type: 3}
--- !u!1001 &1792617261854105953
PrefabInstance:
  m_ObjectHideFlags: 0
  serializedVersion: 2
  m_Modification:
    m_TransformParent: {fileID: 2416623055736934106}
    m_Modifications:
    - target: {fileID: 2416623055736934105, guid: 8582b0c28a4010d47bed9173539c9a67,
        type: 3}
      propertyPath: m_Name
      value: Box house
      objectReference: {fileID: 0}
    - target: {fileID: 2416623055736934106, guid: 8582b0c28a4010d47bed9173539c9a67,
        type: 3}
      propertyPath: m_LocalPosition.x
      value: 10.22
      objectReference: {fileID: 0}
    - target: {fileID: 2416623055736934106, guid: 8582b0c28a4010d47bed9173539c9a67,
        type: 3}
      propertyPath: m_LocalPosition.y
      value: 0.009672165
      objectReference: {fileID: 0}
    - target: {fileID: 2416623055736934106, guid: 8582b0c28a4010d47bed9173539c9a67,
        type: 3}
      propertyPath: m_LocalPosition.z
      value: 0.07
      objectReference: {fileID: 0}
    - target: {fileID: 2416623055736934106, guid: 8582b0c28a4010d47bed9173539c9a67,
        type: 3}
      propertyPath: m_LocalRotation.x
      value: -0
      objectReference: {fileID: 0}
    - target: {fileID: 2416623055736934106, guid: 8582b0c28a4010d47bed9173539c9a67,
        type: 3}
      propertyPath: m_LocalRotation.y
      value: -0
      objectReference: {fileID: 0}
    - target: {fileID: 2416623055736934106, guid: 8582b0c28a4010d47bed9173539c9a67,
        type: 3}
      propertyPath: m_LocalRotation.z
      value: -0
      objectReference: {fileID: 0}
    - target: {fileID: 2416623055736934106, guid: 8582b0c28a4010d47bed9173539c9a67,
        type: 3}
      propertyPath: m_LocalRotation.w
      value: 1
      objectReference: {fileID: 0}
    - target: {fileID: 2416623055736934106, guid: 8582b0c28a4010d47bed9173539c9a67,
        type: 3}
      propertyPath: m_RootOrder
      value: 1
      objectReference: {fileID: 0}
    - target: {fileID: 2416623055736934106, guid: 8582b0c28a4010d47bed9173539c9a67,
        type: 3}
      propertyPath: m_LocalEulerAnglesHint.x
      value: 0
      objectReference: {fileID: 0}
    - target: {fileID: 2416623055736934106, guid: 8582b0c28a4010d47bed9173539c9a67,
        type: 3}
      propertyPath: m_LocalEulerAnglesHint.y
      value: 0
      objectReference: {fileID: 0}
    - target: {fileID: 2416623055736934106, guid: 8582b0c28a4010d47bed9173539c9a67,
        type: 3}
      propertyPath: m_LocalEulerAnglesHint.z
      value: 0
      objectReference: {fileID: 0}
    m_RemovedComponents: []
  m_SourcePrefab: {fileID: 100100000, guid: 8582b0c28a4010d47bed9173539c9a67, type: 3}
--- !u!4 &4136897361596395451 stripped
Transform:
  m_CorrespondingSourceObject: {fileID: 2416623055736934106, guid: 8582b0c28a4010d47bed9173539c9a67,
    type: 3}
  m_PrefabInstance: {fileID: 1792617261854105953}
  m_PrefabAsset: {fileID: 0}
--- !u!1001 &3627305874876782998
PrefabInstance:
  m_ObjectHideFlags: 0
  serializedVersion: 2
  m_Modification:
    m_TransformParent: {fileID: 2416623055736934106}
    m_Modifications:
    - target: {fileID: 2416623055736934105, guid: 17f82500c5e059548bd6158ff9ee8550,
        type: 3}
      propertyPath: m_Name
      value: Box house 2
      objectReference: {fileID: 0}
    - target: {fileID: 2416623055736934106, guid: 17f82500c5e059548bd6158ff9ee8550,
        type: 3}
      propertyPath: m_LocalPosition.x
      value: 0
      objectReference: {fileID: 0}
    - target: {fileID: 2416623055736934106, guid: 17f82500c5e059548bd6158ff9ee8550,
        type: 3}
      propertyPath: m_LocalPosition.y
      value: 0
      objectReference: {fileID: 0}
    - target: {fileID: 2416623055736934106, guid: 17f82500c5e059548bd6158ff9ee8550,
        type: 3}
      propertyPath: m_LocalPosition.z
      value: 0
      objectReference: {fileID: 0}
    - target: {fileID: 2416623055736934106, guid: 17f82500c5e059548bd6158ff9ee8550,
        type: 3}
      propertyPath: m_LocalRotation.x
      value: -0
      objectReference: {fileID: 0}
    - target: {fileID: 2416623055736934106, guid: 17f82500c5e059548bd6158ff9ee8550,
        type: 3}
      propertyPath: m_LocalRotation.y
      value: -0
      objectReference: {fileID: 0}
    - target: {fileID: 2416623055736934106, guid: 17f82500c5e059548bd6158ff9ee8550,
        type: 3}
      propertyPath: m_LocalRotation.z
      value: -0
      objectReference: {fileID: 0}
    - target: {fileID: 2416623055736934106, guid: 17f82500c5e059548bd6158ff9ee8550,
        type: 3}
      propertyPath: m_LocalRotation.w
      value: 1
      objectReference: {fileID: 0}
    - target: {fileID: 2416623055736934106, guid: 17f82500c5e059548bd6158ff9ee8550,
        type: 3}
      propertyPath: m_RootOrder
      value: 0
      objectReference: {fileID: 0}
    - target: {fileID: 2416623055736934106, guid: 17f82500c5e059548bd6158ff9ee8550,
        type: 3}
      propertyPath: m_LocalEulerAnglesHint.x
      value: 0
      objectReference: {fileID: 0}
    - target: {fileID: 2416623055736934106, guid: 17f82500c5e059548bd6158ff9ee8550,
        type: 3}
      propertyPath: m_LocalEulerAnglesHint.y
      value: 0
      objectReference: {fileID: 0}
    - target: {fileID: 2416623055736934106, guid: 17f82500c5e059548bd6158ff9ee8550,
        type: 3}
      propertyPath: m_LocalEulerAnglesHint.z
      value: 0
      objectReference: {fileID: 0}
    - target: {fileID: 38804074373509653, guid: 17f82500c5e059548bd6158ff9ee8550,
        type: 3}
      propertyPath: m_LocalPosition.x
      value: 7.11
      objectReference: {fileID: 0}
    - target: {fileID: 38804074373509653, guid: 17f82500c5e059548bd6158ff9ee8550,
        type: 3}
      propertyPath: m_LocalPosition.y
      value: -5.84
      objectReference: {fileID: 0}
    - target: {fileID: 38804074373509653, guid: 17f82500c5e059548bd6158ff9ee8550,
        type: 3}
      propertyPath: m_LocalPosition.z
      value: -10.61
      objectReference: {fileID: 0}
    - target: {fileID: 2416623057243579229, guid: 17f82500c5e059548bd6158ff9ee8550,
        type: 3}
      propertyPath: m_LocalPosition.x
      value: -6.439995
      objectReference: {fileID: 0}
    - target: {fileID: 2416623057444963377, guid: 17f82500c5e059548bd6158ff9ee8550,
        type: 3}
      propertyPath: m_LocalPosition.x
      value: -3.49
      objectReference: {fileID: 0}
    - target: {fileID: 2416623057337100921, guid: 17f82500c5e059548bd6158ff9ee8550,
        type: 3}
      propertyPath: m_LocalPosition.x
      value: -5.042
      objectReference: {fileID: 0}
    - target: {fileID: 2416623056186947588, guid: 17f82500c5e059548bd6158ff9ee8550,
        type: 3}
      propertyPath: m_LocalPosition.x
      value: -4.989998
      objectReference: {fileID: 0}
    - target: {fileID: 6818344361777658499, guid: 17f82500c5e059548bd6158ff9ee8550,
        type: 3}
      propertyPath: m_LocalPosition.x
      value: -6.35
      objectReference: {fileID: 0}
    - target: {fileID: 6818344361777658499, guid: 17f82500c5e059548bd6158ff9ee8550,
        type: 3}
      propertyPath: m_LocalPosition.y
      value: -8.37
      objectReference: {fileID: 0}
    m_RemovedComponents: []
  m_SourcePrefab: {fileID: 100100000, guid: 17f82500c5e059548bd6158ff9ee8550, type: 3}
--- !u!4 &1431958469347366732 stripped
Transform:
  m_CorrespondingSourceObject: {fileID: 2416623055736934106, guid: 17f82500c5e059548bd6158ff9ee8550,
    type: 3}
  m_PrefabInstance: {fileID: 3627305874876782998}
  m_PrefabAsset: {fileID: 0}
--- !u!1 &1431958469836733872 stripped
GameObject:
  m_CorrespondingSourceObject: {fileID: 2416623056187106342, guid: 17f82500c5e059548bd6158ff9ee8550,
    type: 3}
  m_PrefabInstance: {fileID: 3627305874876782998}
  m_PrefabAsset: {fileID: 0}
--- !u!1 &1431958469836733878 stripped
GameObject:
  m_CorrespondingSourceObject: {fileID: 2416623056187106336, guid: 17f82500c5e059548bd6158ff9ee8550,
    type: 3}
  m_PrefabInstance: {fileID: 3627305874876782998}
  m_PrefabAsset: {fileID: 0}
--- !u!1001 &8179758471094495004
PrefabInstance:
  m_ObjectHideFlags: 0
  serializedVersion: 2
  m_Modification:
    m_TransformParent: {fileID: 2416623055736934106}
    m_Modifications:
    - target: {fileID: 2416623055736934105, guid: 474eb56f8c466d04ab4925447445ab96,
        type: 3}
      propertyPath: m_Name
      value: Box house 1
      objectReference: {fileID: 0}
    - target: {fileID: 2416623055736934106, guid: 474eb56f8c466d04ab4925447445ab96,
        type: 3}
      propertyPath: m_LocalPosition.x
      value: 17.09
      objectReference: {fileID: 0}
    - target: {fileID: 2416623055736934106, guid: 474eb56f8c466d04ab4925447445ab96,
        type: 3}
      propertyPath: m_LocalPosition.y
      value: 6.29
      objectReference: {fileID: 0}
    - target: {fileID: 2416623055736934106, guid: 474eb56f8c466d04ab4925447445ab96,
        type: 3}
      propertyPath: m_LocalPosition.z
      value: -16.12
      objectReference: {fileID: 0}
    - target: {fileID: 2416623055736934106, guid: 474eb56f8c466d04ab4925447445ab96,
        type: 3}
      propertyPath: m_LocalRotation.x
      value: 0
      objectReference: {fileID: 0}
    - target: {fileID: 2416623055736934106, guid: 474eb56f8c466d04ab4925447445ab96,
        type: 3}
      propertyPath: m_LocalRotation.y
      value: 0.7071068
      objectReference: {fileID: 0}
    - target: {fileID: 2416623055736934106, guid: 474eb56f8c466d04ab4925447445ab96,
        type: 3}
      propertyPath: m_LocalRotation.z
      value: 0
      objectReference: {fileID: 0}
    - target: {fileID: 2416623055736934106, guid: 474eb56f8c466d04ab4925447445ab96,
        type: 3}
      propertyPath: m_LocalRotation.w
      value: 0.7071068
      objectReference: {fileID: 0}
    - target: {fileID: 2416623055736934106, guid: 474eb56f8c466d04ab4925447445ab96,
        type: 3}
      propertyPath: m_RootOrder
      value: 2
      objectReference: {fileID: 0}
    - target: {fileID: 2416623055736934106, guid: 474eb56f8c466d04ab4925447445ab96,
        type: 3}
      propertyPath: m_LocalEulerAnglesHint.x
      value: 0
      objectReference: {fileID: 0}
    - target: {fileID: 2416623055736934106, guid: 474eb56f8c466d04ab4925447445ab96,
        type: 3}
      propertyPath: m_LocalEulerAnglesHint.y
      value: 90
      objectReference: {fileID: 0}
    - target: {fileID: 2416623055736934106, guid: 474eb56f8c466d04ab4925447445ab96,
        type: 3}
      propertyPath: m_LocalEulerAnglesHint.z
      value: 0
      objectReference: {fileID: 0}
    m_RemovedComponents: []
  m_SourcePrefab: {fileID: 100100000, guid: 474eb56f8c466d04ab4925447445ab96, type: 3}
--- !u!4 &5768485639245556166 stripped
Transform:
  m_CorrespondingSourceObject: {fileID: 2416623055736934106, guid: 474eb56f8c466d04ab4925447445ab96,
    type: 3}
  m_PrefabInstance: {fileID: 8179758471094495004}
  m_PrefabAsset: {fileID: 0}
--- !u!1 &5768485638698127685 stripped
GameObject:
  m_CorrespondingSourceObject: {fileID: 2416623057337529945, guid: 474eb56f8c466d04ab4925447445ab96,
    type: 3}
  m_PrefabInstance: {fileID: 8179758471094495004}
  m_PrefabAsset: {fileID: 0}
--- !u!1 &5768485638539466849 stripped
GameObject:
  m_CorrespondingSourceObject: {fileID: 2416623057243357053, guid: 474eb56f8c466d04ab4925447445ab96,
    type: 3}
  m_PrefabInstance: {fileID: 8179758471094495004}
  m_PrefabAsset: {fileID: 0}
--- !u!1 &5768485638740737805 stripped
GameObject:
  m_CorrespondingSourceObject: {fileID: 2416623057444608017, guid: 474eb56f8c466d04ab4925447445ab96,
    type: 3}
  m_PrefabInstance: {fileID: 8179758471094495004}
  m_PrefabAsset: {fileID: 0}
